=LDR  01725aca a2200289   4500
=001  1658
=008  210923s1747\\\\\\\||le|\||||\00|\0\muld
=041  \\$aita$aeng
=059  \\$a2vn vc/bc
=100  \\$aSammartini, Giuseppe$d1695-1750$1http://www.wikidata.org/entity/Q514997$4cmp$96190
=245  \\$aXII sonate A due Violini, e Violoncello, e Cembalo, se piace op. 3
=260  \\$aLondon$bWalsh$c1747
=300  \\$a36-[vi]-36-33 pages
=500  \\$aOriginally published in 1743
=500  \\$aparts bound in; violino primo, violino secondo, violoncello
=500  \\$afigured bass part indicates that “L’intenzione del Compositore è, che quando si suona il Cembalo non deve suonare li soli, perche devono essere per il Violoncello”
=590  \\$aDedicata All'Altezza Reale di Augusta Principessa di Vallia
=648  \0$a18th Century (1701-1800)$1http://www.wikidata.org/entity/Q7015$920899
=650  \0$aSonata$1http://www.wikidata.org/entity/Q131269$921653
=650  \0$aFreedom$1http://www.wikidata.org/entity/Q310735$923033
=651  \0$aLondon (United Kingdom)$1http://www.wikidata.org/entity/Q84$9123
=856  \\$uhttp://conquest.imslp.info/files/imglnks/usimg/9/9c/IMSLP104254-SIBLEY1802.14848.538a-39087009064678.violin1.pdf$3vn1
=856  \\$uhttp://conquest.imslp.info/files/imglnks/usimg/7/7e/IMSLP104255-SIBLEY1802.14848.efed-39087009064678.violin2.pdf$3vn2
=856  \\$uhttp://conquest.imslp.info/files/imglnks/usimg/c/c3/IMSLP104261-SIBLEY1802.14848.83c6-39087009064678.cello.pdf$3vc
=942  \\$cSCO
=952  \\$00$10$2ddc$40$6KTS_1_000000000000000_C1_34_07E67$70$8RAR$91658$aORPH$bORPH$cKTS1_C1$d2020-07-08$eKoopman$i07E67$oKTS1 C1.34 07E67$p20134146$r2021-01-12 00:00:00$w2021-01-12$ySCO
=999  \\$d1658

