=LDR  00920aca a2200217   4500
=001  1660
=008  210923b\\\\\\\\|||||l||\||||\00|\0\ger\d
=041  \\$ager
=059  \\$aorg
=100  \\$aMendelssohn-Bartholdy, Felix$d1809-1847$4cmp$1http://www.wikidata.org/entity/Q46096$94998
=245  \\$aPräludien und Fugen für die Orgel op. 37
=260  \\$aLeipzig$bBreitkopf & Härtel
=300  \\$a29 pages
=336  \\$aprinted
=648  \0$a19th Century (1801-1900)$1http://www.wikidata.org/entity/Q6955$920935
=650  \0$aOrgan$1http://www.wikidata.org/entity/Q1444$92810
=650  \0$aPrelude$1http://www.wikidata.org/entity/Q212148$921947
=650  \0$aFugue$1http://www.wikidata.org/entity/Q181014$93142
=942  \\$cSCO
=952  \\$00$10$2ddc$40$6KTS_1_000000000000000_C1_34_07E69$70$8RAR$91660$aORPH$bORPH$cKTS1_C1$d2020-07-08$eKoopman$i07E69$oKTS1 C1.34 07E69$p20137366$r2021-01-12 00:00:00$w2021-01-12$ySCO
=999  \\$d1660

