=LDR  00880    a2200205   4500
=001  1664
=005  20250925143255.0
=008  210323b\\\\\\\\\\\|||||\||||\00|\0bdut\d
=041  \\$adut
=100  \\$aAafjes, Bertus$d1914-1993$4aut$1http://www.wikidata.org/entity/Q353003$96195
=245  \\$aHerinneringen aan Felix Rutter
=260  \\$aNetherlands$cs.d.
=300  \\$a13 pages
=500  \\$aBertus Aafjes was a Dutch poet whose work is marked by a devout Catholicism.
=648  \0$a20th Century (1901-2000)$1http://www.wikidata.org/entity/Q6927$920936
=650  \0$aBiography$1http://www.wikidata.org/entity/Q36279$91927
=651  \0$aNetherlands$1http://www.wikidata.org/entity/Q55$9173
=942  \\$cMS
=952  \\$00$10$2ddc$40$6KTS_1_000000000000000_C1_34_07E71F$70$8RAR$91664$aORPH$bORPH$cKTS1_C1$d2020-07-08$eKoopman$oKTS1 C1.34 07E71f$r2021-01-12 00:00:00$w2021-01-12$yMS
=999  \\$d1664

