=LDR  01073aaa a2200229   4500
=001  1672
=005  20250120120355.0
=008  210923s1802\\\\\\\g||||\f|||\00|\0\fre\d
=041  \\$afre
=100  \\$aCatel, Charles-Simon$d1773-1830$4aut$1http://www.wikidata.org/entity/Q661501$96199
=245  \\$aTraité d'harmonie
=260  \\$aParis$bConservatoire de musique$c1802
=300  \\$aiii-70 pages$bmusic examples
=336  \\$aprinted
=500  \\$aAutographe on frontispiece
=610  \0$aConservatoire de Paris (France)$1http://www.wikidata.org/entity/Q463055$920895
=648  \0$a19th Century (1801-1900)$1http://www.wikidata.org/entity/Q6955$920935
=650  \0$aMusic theory$1http://www.wikidata.org/entity/Q193544$92662
=856  \\$uhttps://imslp.org/wiki/Trait%C3%A9_d%E2%80%99harmonie_(Catel%2C_Charles-Simon)$3International Music Score Library Project
=942  \\$cBOO
=952  \\$00$10$2ddc$40$6KTS_1_000000000000000_C1_34_07E73$70$8RAR$91672$aORPH$bORPH$cKTS1_C1$d2020-07-08$eKoopman$i07E73$oKTS1 C1.34 07E73$p20137363$r2021-01-12 00:00:00$w2021-01-12$yBOO
=999  \\$d1672

