=LDR  02273aam a2200265   4500
=001  1674
=008  220809s1824\\\\|||gf||f\||||\00|\0\mul\d
=041  \\$afre$ager
=059  \\$a2vn
=100  \\$aCampagnoli, Bartolomeo$d1751-1827$4aut$1http://www.wikidata.org/entity/Q213752$96200
=245  \\$aNouvelle méthode de la mécanique progressive du jeu de violon op. 21
=260  \\$aLeipzig$bBreitkopf & Härtel$c[1824]
=300  \\$a141-41 pages$bmusical examples, Plates
=500  \\$aThe violin school "Metodo per violino" op. 21 was first published in 1797. An expanded edition of op. 21 "Nouvelle méthode de la mécanique progressive du jeu du violon"  was published in 1824.
=500  \\$aPart 1. Elements of music, principles of intonation, bowing. Studies 1-73. /  Part 2. Double-stop exercises, chords, arpeggios, ornamentation, trill. Studies 74-140.  / Part 3. The 7 principal positions, rules for diminution and ornaments in Adagios, bowing patterns. Studies 141-197. / Part 4. Art of playing 'una corde', enharmonics and chromatics, harmonics, exercises to overcome all difficulties, scordatura. Studies 198-250. / Part 5. Accompanying text. 
=500  \\$aPart 1-4, containing music only,  have french title pages and continuing pagination. Part 5, containing text only, has a bilingual title page (Neue Methode einer fortschreitenden Mechanik des Violin-Spiels) , new pagination, and the french-german text is printed in facing columns
=561  \\$aEx libris H. Franke 1941 (manuscript)
=590  \\$adivisée en 5 Parties et distribuée en 132 Leçons progressives pour deux Violons et 118 Etudes pour un Violin seil, composiée et dédiée à son Altesse Royale Monseigneur Le Duc de Cambridge
=648  \0$a19th Century (1801-1900)$1http://www.wikidata.org/entity/Q6955$920935
=650  \0$aMethod$1http://www.wikidata.org/entity/Q2250960$921402
=650  \0$aViolin$1http://www.wikidata.org/entity/Q8355$92783
=856  \\$uhttps://imslp.org/wiki/Violin_Method%2C_Op.21_(Campagnoli%2C_Bartolomeo)$3International Music Score Library Project
=942  \\$cBOO
=952  \\$00$10$2ddc$40$6KTS_1_000000000000000_C2_33_07F01$70$8RAR$91674$aORPH$bORPH$cKTS1_C2$d2020-07-08$eKoopman$l0$oKTS1 C2.33 07F01$p20139284$r2021-01-12 00:00:00$w2021-01-12$ySCO
=999  \\$d1674

