=LDR  01821acm a2200253   4500
=001  1675
=008  220809k17871797|||||a||\||||\00|\0\eng\d
=041  \\$aeng
=059  \\$avv orch ch
=100  \\$aHandel, George Frideric$d1685-1759$4cmp$1http://www.wikidata.org/entity/Q7302$94765
=240  \\$aHWV 74
=245  \\$aAn Ode or Serenata for the Birth Day of Queen Ann Composed in the Year 1713
=260  \\$aLondon$bArnold$c1787-97
=300  \\$a44 pages
=490  \\$aThe Works of G. F. Händel, Ed. in Score$vplate nos. 54
=500  \\$aThe ode, which lasts about half an hour, was composed as homage music for the birthday of the British Queen Anne on 6 February 1713, i.e. a few months after Handel had come to London for the second time (and now for good).  At the time of its conception, the conclusion of the Peace of Utrecht, in whose negotiations Queen Anne had participated, was imminent. The poem is therefore at the same time a thanksgiving for the conclusion of the peace; and refers mainly to the Treaty of Utrecht, which brought an end to the War of the Spanish Succession. Since Queen Anne was ill on her birthday in 1713, it is assumed that the performance did not take place until a year later. 

=648  \0$a18th Century (1701-1800)$1http://www.wikidata.org/entity/Q7015$920899
=650  \0$aVocal music$1http://www.wikidata.org/entity/Q685884$93319
=650  \0$aOde$1http://www.wikidata.org/entity/Q178985$922208
=651  \0$aLondon (United Kingdom)$1http://www.wikidata.org/entity/Q84$9123
=700  \\$4lbt$aPhilips, Ambrose$d1674-1749$1http://www.wikidata.org/entity/Q2404968$96036
=942  \\$cSCO
=952  \\$00$10$2ddc$40$6KTS_1_000000000000000_C2_33_07F02$70$8RAR$91675$aORPH$bORPH$cKTS1_C2$d2020-07-08$eKoopman$l0$oKTS1 C2.33 07F02$p20139285$r2021-01-12 00:00:00$w2021-01-12$ySCO
=999  \\$d1675

