=LDR  02483acm a2200277   4500
=001  1678
=008  220809s1788\\\\|||||a||\||||\00|\0\eng\d
=041  \\$aeng
=059  \\$a3ob 2bsn 3tpt 3hrn timp vla bc
=100  \\$aHandel, George Frideric$d1685-1759$4cmp$1http://www.wikidata.org/entity/Q7302$94765
=240  \\$aMusic for the Royal Fireworks HWV 351
=245  \\$aThe Musick for the Royal Fireworks, Performed in the Year 1749 
=260  \\$aLondon$bArnold$c[1788]
=300  \\$a20 pages
=490  \\$aThe Works of G. F. Händel, Ed. in Score$vplate nos. 24
=500  \\$aThe Music for the Royal Fireworks is a suite in D major for wind instruments composed  in 1749 under contract of George II of Great Britain for the fireworks in London's Green Park on 27 April 1749. The music celebrates the end of the War of the Austrian Succession and the signing of the Treaty of Aix-la-Chapelle (Aachen) in 1748.  The musicians performed in a specially constructed building designed by Servandoni, a theatre designer, assisted by four Italians. Andrea Casali and Andrea Soldi designed the decorations. The fireworks themselves were devised and controlled by Gaetano Ruggieri and Giuseppe Sarti, both from Bologna.  Charles Frederick was the controller, captain Thomas Desaguliers was the chief fire master. The display was not as successful as the music itself: the weather was rainy causing many misfires and in the middle of the show the right pavilion caught fire. Also, a woman's clothes were set on fire by a stray rocket and other fireworks burned two soldiers and blinded a third. Yet another soldier had his hand blown off during an earlier rehearsal for the 101 cannons which were used during the event.
=501  \\$aBound in with 'The Celebrated Water Musick in Score Composed in the Year 1716'


=648  \0$a18th Century (1701-1800)$1http://www.wikidata.org/entity/Q7015$920899
=650  \0$aInstrumental music$1http://www.wikidata.org/entity/Q639197$92106
=650  \0$aSuite$1http://www.wikidata.org/entity/Q203005$921718
=650  \0$aDance$1http://www.wikidata.org/entity/Q6034$924845
=651  \0$aLondon (United Kingdom)$1http://www.wikidata.org/entity/Q84$9123
=773  \\$01677$tCelebrated Water Musick in Score Composed in the Year 1716$w1677
=942  \\$cSCO
=952  \\$00$10$2ddc$40$6KTS_1_000000000000000_C2_33_07F04B$70$8RAR$91678$aORPH$bORPH$cKTS1_C2$d2020-07-08$eKoopman$l0$oKTS1 C2.33 07F04b$p20139287b$r2021-01-12 00:00:00$w2021-01-12$ySCO
=999  \\$d1678

