=LDR  01957acm a2200289   4500
=001  1687
=008  210419i18171826\\\|||||\||||\00|\0\ita\d
=041  \\$aita$hfre
=059  \\$apf
=100  \\$aClementi, Muzio$d1752-1832$4cmp$1http://www.wikidata.org/entity/Q193673$95350
=240  \\$aop. 44
=245  \\$aGradus ad Parnassum ossia l'arte di suonare il piano-forte
=260  \\$aMilan$bLucca$c1817$c1819$c1826
=300  \\$a3 vols. in 1 (81+89+97 pages)
=500  \\$aMuzio Filippo Vincenzo Francesco Saverio Clementi (1752-1832) was an Italian composer, virtuoso pianist, pedagogue, conductor, music publisher, editor, and piano manufacturer, who was mostly active in England.
=500  \\$aIn 1826 Clementi completed his collection of keyboard studies (100 instructional pieces), Gradus ad Parnassum, and set off for Paris with the intention of publishing the third volume of the work simultaneously in Paris, London, and Leipzig. After staying in Baden and most likely making another visit to Italy, he returned to London in the autumn of 1827. 
=500  \\$avol. 1 contains etudes 1-27, vol. 2 29-50 & vol. 3 51-100
=500  \\$adedicated to Sophia Wolkonsky
=648  \0$a19th Century (1801-1900)$1http://www.wikidata.org/entity/Q6955$920935
=650  \0$aInstrumental music$1http://www.wikidata.org/entity/Q639197$92106
=650  \0$aMusic education$1http://www.wikidata.org/entity/Q27908$921766
=650  \0$aKeyboard music$1http://www.wikidata.org/entity/Q105715630$921412
=765  \\$aL'Art de jouer le piano-forte, démontré par des exercices dans le style sévère et dans le style élégant
=856  \\$uhttps://imslp.org/wiki/Gradus_ad_Parnassum%2C_Op.44_(Clementi%2C_Muzio)$3International Music Score Library Project
=942  \\$cSCO
=952  \\$00$10$2ddc$40$6KTS_1_000000000000000_C2_33_07F08$70$8RAR$91687$aORPH$bORPH$cKTS1_C2$d2020-07-08$eKoopman$l0$oKTS1 C2.33 07F08$p20139281$r2021-01-12 00:00:00$w2021-01-12$ySCO
=999  \\$d1687

