=LDR  01124adm a2200265   4500
=001  1692
=008  210401b\\\\\\\\\\\||le|\||||\00|\0\lat\d
=041  \\$alat
=059  \\$aorg
=100  \\$aHaydn, Joseph$d1732-1809$4cmp$1http://www.wikidata.org/entity/Q7349$94783
=240  \\$aMass in B-flat Major, Hob.XXII:13
=245  \\$aMissa no. 4
=246  \1$aSchöpfungsmesse
=260  \\$as.l.$c18xx
=300  \\$a25 pages
=500  \\$aLoose organ part
=533  \\$aDigitized by iGuana, Spring 2022
=534  \\$aComposed in 1801
=648  \0$a19th Century (1801-1900)$1http://www.wikidata.org/entity/Q6955$920935
=650  \0$aMass$1http://www.wikidata.org/entity/Q217295$92735
=856  \\$uhttps://uv-v4.netlify.app/#?manifest=https://sharedcanvas.be/IIIF/manifests/24ee6fc9-4a1c-11ed-a739-fc9a3a2b977f$3IIIF
=856  \\$uhttps://sharedcanvas.be/IIIF/manifests/24ee6fc9-4a1c-11ed-a739-fc9a3a2b977f$3IIIF manifest
=942  \\$cMS
=952  \\$00$10$2ddc$40$6KTS_1_000000000000000_C2_33_07F14$70$8RAR$91692$aORPH$bORPH$cKTS1_C2$d2020-07-08$eKoopman$oKTS1 C2.33 07F14$p20136200$r2021-01-12 00:00:00$w2021-01-12$yMS
=999  \\$d1692

