=LDR  01425acm a2200265   4500
=001  1693
=008  220809s1845\\\\|||||le|\||||\00|\0\ger\d
=041  \\$ager
=059  \\$afl 2ob bsn 2hrn 2vn vla vc db
=100  \\$aHaydn, Joseph$d1732-1809$4cmp$1http://www.wikidata.org/entity/Q7349$94783
=240  \\$aFarewell Symphony Hob.I:45
=245  \\$aAbschieds-sinfonie für 2 Violinen, Bratsche, Violoncell, Bass Flöte, 2 Hoboen, 2 Hörner und Fagott
=260  \\$aOffenbach am Main$bAndré$c1845 [?]
=300  \\$a10 parts (5+4+3+3+1+1+1+2+1+1 pages)$bloose parts
=500  \\$aTransposed to e minor?
=500  \\$aIncomplete: Last movement only (Finale: Presto - Adagio)
=500  \\$aJoseph Haydn's Symphony No. 45 in F♯ minor, known as the "Farewell" Symphony  is a symphony dated 1772 on the autograph score.
=648  \0$a18th Century (1701-1800)$1http://www.wikidata.org/entity/Q7015$920899
=648  \0$a19th Century (1801-1900)$1http://www.wikidata.org/entity/Q6955$920935
=650  \0$aInstrumental music$1http://www.wikidata.org/entity/Q639197$92106
=650  \0$aSymphony$1http://www.wikidata.org/entity/Q9734$92527
=651  \0$aEszterháza (Hungary)$1http://www.wikidata.org/entity/Q667208$923790
=942  \\$cSCO
=952  \\$00$10$2ddc$40$6KTS_1_000000000000000_C2_33_07F15$70$8RAR$91693$aORPH$bORPH$cKTS1_C2$d2020-07-08$eKoopman$l0$oKTS1 C2.33 07F15$p20139290$r2021-01-12 00:00:00$w2021-01-12$ySCO
=999  \\$d1693

