=LDR  01395acm a2200229   4500
=001  1694
=008  220809s1801\\\\|||||l||\||||\00|\0\fre\d
=041  \\$afre
=059  \\$apf
=100  \\$aHaydn, Joseph$d1732-1809$4cmp$1http://www.wikidata.org/entity/Q7349$94783
=240  \\$aHob.XVI:52
=245  \\$aSonate pour le piano-forte op. 99
=260  \\$aBonn$bSimrock$c[ca.1801]
=300  \\$a15 pages
=500  \\$aThe Piano Sonata in E-flat major, Hob. XVI/52, L. 62, was written in 1794 by Joseph Haydn. It is the last of Haydn's piano sonatas, and is widely considered his greatest. It has been the subject of extensive analysis by distinguished musicological personages such as Heinrich Schenker and Sir Donald Tovey, largely because of its expansive length, unusual harmonies and interesting development.
=648  \0$a19th Century (1801-1900)$1http://www.wikidata.org/entity/Q6955$920935
=648  \0$a18th Century (1701-1800)$1http://www.wikidata.org/entity/Q7015$920899
=650  \0$aInstrumental music$1http://www.wikidata.org/entity/Q639197$92106
=856  \\$uhttps://imslp.org/wiki/Keyboard_Sonata_in_E-flat_major,_Hob.XVI:52_(Haydn,_Joseph)$3Edition Breitkopf & Härtel 1799
=942  \\$cSCO
=952  \\$00$10$2ddc$40$6KTS_1_000000000000000_C2_33_07F16$70$8RAR$91694$aORPH$bORPH$cKTS1_C2$d2020-07-08$eKoopman$l0$oKTS1 C2.33 07F16$p20139289$r2021-01-12 00:00:00$w2021-01-12$ySCO
=999  \\$d1694

