=LDR  02370adm a2200301   4500
=001  1695
=008  210401q17871800\\\||le||||||\00|\0\fre\d
=041  \\$afre
=059  \\$avn 2ob fl 2bsn 2hn vla bc
=100  \\$aHaydn, Joseph$d1732-1809$4cmp$1http://www.wikidata.org/entity/Q7349$94783
=240  \\$aSymphony no. 83 in G minor 'La poule', Hob.I:83
=245  \\$aDu Répertoire De La Loge Olympique : Sinfonie Periodique
=260  \\$aDelft$cs.d.
=300  \\$a29 pages
=500  \\$aParts used in the orchestra Muziek Collegie in Delft, Netherlands. This City Music College is part of an art society called 'Tandem fit surculus arbor' ('Eventually the twig becomes a tree'), founded in 1828 by wealthy Delfters. The parts are a mishmash from different origins: 2ob, fl solo, 2bsn, 2hn, vla and db parts are printed and all contain the Stamp of the art society 'Tandem fit surculus arbor 1828 Delft' as well as the Stamp "Muziek Collegie No 74". Only vn1 part is manuscript, and contains a title page mentioning "Sinfonie Periodique", the connection with the 'Concert de la Loge Olympique', a Parisian a concert company founded in the 1780s, as well as Muziek Collegie No 74. Only the db part has a title page, which is similar with the ms vn1 part, except mentioning "tirée de l'oeuvre 51".
=500  \\$aContained in a folder with a twentieth-century advertisement for 'Honig groentesoep'
=533  \\$aDigitized by iGuana, Spring 2022
=561  \\$aEx Libris Tandem fit surculus arbor, 1828, Delft (stamp)
=590  \\$aAppartenant à la loge Olympique no. 3; Muziek Collegie N° 14
=610  \0$aConcert de la Loge Olympique (Paris, France)$1http://www.wikidata.org/entity/Q22683783$924353
=648  \0$a18th Century (1701-1800)$1http://www.wikidata.org/entity/Q7015$920899
=650  \0$aSymphony$1http://www.wikidata.org/entity/Q9734$92527
=651  \0$aParis (France)$1http://www.wikidata.org/entity/Q90$9160
=856  \\$uhttps://uv-v4.netlify.app/#?manifest=https://sharedcanvas.be/IIIF/manifests/15a5df30-497d-11ed-8eb8-dd48c6ef1da8$3IIIF
=856  \\$uhttps://sharedcanvas.be/IIIF/manifests/15a5df30-497d-11ed-8eb8-dd48c6ef1da8$3IIIF manifest
=942  \\$cMS
=952  \\$00$10$2ddc$40$6KTS_1_000000000000000_C2_33_07F17$70$8RAR$91695$aORPH$bORPH$cKTS1_C2$d2020-07-08$eKoopman$oKTS1 C2.33 07F17$p20136201$r2021-01-12 00:00:00$w2021-01-12$yMS
=999  \\$d1695

