=LDR  01505acc a2200277   4500
=001  1697
=008  220809s1811\\\\|||||le|\||||\00|\0\fre\d
=041  \\$afre
=059  \\$a2vn 2vla vc bc
=100  \\$aHaydn, Joseph$d1732-1809$4cmp$1http://www.wikidata.org/entity/Q7349$94783
=240  \\$a'Military', Hob.I:100
=245  \\$aSymphonie à grand orchestre
=260  \\$aBonn$aCologne$bSimrock$c[1811]
=300  \\$ainstrumental parts (7+7+7+7+5+5+5 pages)
=490  \\$aCollection des symphonies de J. Haydn à grand orchestre
=500  \\$aThe Symphony No. 100 in G major, Hoboken I/100, is the eighth of the twelve London symphonies written by Joseph Haydn and completed in 1793 or 1794. It is popularly known as the Military Symphony. 
=500  \\$aIncomplete set of parts (+1st & 2nd violin and cello/bass part twice)
=500  \\$aboxed together with another (but complete) set of parts of this symphony
=648  \0$a18th Century (1701-1800)$1http://www.wikidata.org/entity/Q7015$920899
=648  \0$a19th Century (1801-1900)$1http://www.wikidata.org/entity/Q6955$920935
=650  \0$aSymphony$1http://www.wikidata.org/entity/Q9734$92527
=651  \0$aLondon (United Kingdom)$1http://www.wikidata.org/entity/Q84$9123
=773  \\$01696$tGrande simphonie à grand orchestre$w1696
=942  \\$cSCO
=952  \\$00$10$2ddc$40$6KTS_1_000000000000000_C2_33_07F18B$70$8RAR$91697$aORPH$bORPH$cKTS1_C2$d2020-07-08$eKoopman$l0$oKTS1 C2.33 07F18b$p20139283b$r2021-01-12 00:00:00$w2021-01-12$ySCO
=999  \\$d1697

