=LDR  01116acm a2200229   4500
=001  1699
=008  220811b\\\\\\\\|||||le|\||||\00|\0\fre\d
=041  \\$afre
=059  \\$ahpd
=100  \\$aJust, Johann August$d1750-1791$4cmp$1http://www.wikidata.org/entity/Q3180496$96205
=245  \\$aSix sonates pour le clavecin avec l'accompagnement d'un violon ou flûte traversière et violoncelle op. 2
=260  \\$aThe Hague$bHummel$c1783-1794
=300  \\$a25 pages
=500  \\$aKeyboard part only
=561  \\$aEx libris Piet van Egmond (Stamp)
=590  \\$aDediées A. SAS. Monseigneur Le Prince d'Orange & Nassau Stadhouder Héréditaire des Provinces Unies Des Pais-bas &&&.
=648  \0$a18th Century (1701-1800)$1http://www.wikidata.org/entity/Q7015$920899
=650  \0$aInstrumental music$1http://www.wikidata.org/entity/Q639197$92106
=650  \0$aSonata$1http://www.wikidata.org/entity/Q131269$921653
=942  \\$cSCO
=952  \\$00$10$2ddc$40$6KTS_1_000000000000000_C2_33_07F20$70$8RAR$91699$aORPH$bORPH$cKTS1_C2$d2020-07-08$eKoopman$l0$oKTS1 C2.33 07F20$p20139295$r2021-01-12 00:00:00$w2021-01-12$ySCO
=999  \\$d1699

