=LDR  01534acm a2200313   4500
=001  1702
=008  220811s1788\\\\|||||a||\||||\00|\0\fre\d
=041  \\$afre
=059  \\$ahpd/pf 4h
=100  \\$aKozeluch, Leopold$d1747-1818$4cmp$1http://www.wikidata.org/entity/Q693843$94782
=240  \\$aDuo in F Major for Fortepiano 4-Hands, P. XI:3, Op. 19
=245  \\$aDuo Pour Le Clavecin ou Pianoforte$bOuvre [sic] 19
=246  \1$aDuo à 4 Mains
=260  \\$aLondon$bLongman & Broderip$c1788
=300  \\$a15 pages
=500  \\$aSecundo and primo published face to face
=500  \\$aSame work as 01A33, 08C08b, 26E11a, and 08G42
=648  \0$a18th Century (1701-1800)$1http://www.wikidata.org/entity/Q7015$920899
=650  \0$aKeyboard music$1http://www.wikidata.org/entity/Q105715630$921412
=650  \0$aSonata$1http://www.wikidata.org/entity/Q131269$921653
=650  \0$aQuatre mains$1http://www.wikidata.org/entity/Q227484$922186
=650  \0$aFreedom$1http://www.wikidata.org/entity/Q310735$923033
=650  \0$aHarpsichord$1http://www.wikidata.org/entity/Q81982$92125
=650  \0$aPiano$1http://www.wikidata.org/entity/Q5994$92127
=651  \0$1http://www.wikidata.org/entity/Q1741$aVienna (Austria)$920937
=856  \\$uhttps://archive.org/details/duopourleclaveci00koze/page/n12/mode/2up$3Internet Archive
=942  \\$cSCO
=952  \\$00$10$2ddc$40$6KTS_1_000000000000000_C2_33_07F23$70$8RAR$91702$aORPH$bORPH$cKTS1_C2$d2020-07-08$eKoopman$l0$oKTS1 C2.33 07F23$p20139292$r2021-01-12 00:00:00$w2021-01-12$ySCO
=999  \\$d1702

