=LDR  00974    a2200217   4500
=001  1704
=008  210601n\\\\\\\\\\\|||||\||||\00|\i\lat\d
=041  \\$alat
=100  \\$aBurkhard, Markus$d1587-1662$4aut$96208
=245  \\$aSalutam reciprocam et omnem prosperitatam a SS. Triade Animibus P.
=260  \\$as.l.$c1806
=300  \\$a4 pages (1 folio)
=500  \\$aLatin letter from a priest who was a musical dilettant
=500  \\$aFolded with a red wax stamp
=648  \0$a17th Century (1601-1700)$1http://www.wikidata.org/entity/Q7016$920923
=650  \0$aCorrespondence$1http://www.wikidata.org/entity/Q1784733$921392
=650  \0$aCorrespondence$1http://www.wikidata.org/entity/Q1784733$921392
=651  \0$aGermany$1http://www.wikidata.org/entity/Q183$9155
=942  \\$cMS
=952  \\$00$10$2ddc$40$6KTS_1_000000000000000_C2_33_07F27$70$8RAR$91704$aORPH$bORPH$cKTS1_C2$d2020-07-08$eKoopman$l0$oKTS1 C2.33 07F27$p20136496$r2021-01-12 00:00:00$w2021-01-12$yMS
=999  \\$c1704$d1704

