=LDR  01275acm a2200253   4500
=001  1706
=008  220811b\\\\\\\\|||||le|\||||\00|\0\eng\d
=041  \\$aeng
=059  \\$a2vn vc/hpd
=100  \\$aNussen, Frederick$dfl.1749-1779$4cmp$96210
=245  \\$aSix Sonatas for Two Violins Violoncello or Harpsichord op. 2
=260  \\$aLondon$bWalsh
=300  \\$a3 parts in 1 (13-13-13 pages)
=500  \\$aComplete parts, bound in
=590  \\$aMost humbly dedicated to the Lady Augusta by Her Royal Highness' most devoted and dutiful servant
=648  \0$a18th Century (1701-1800)$1http://www.wikidata.org/entity/Q7015$920899
=650  \0$aInstrumental music$1http://www.wikidata.org/entity/Q639197$92106
=650  \0$aTrio sonata$1http://www.wikidata.org/entity/Q903425$921654
=651  \0$aLondon (United Kingdom)$1http://www.wikidata.org/entity/Q84$9123
=856  \\$uhttps://archive.org/details/sixsonatasfortwo00nuss$3Internet Archive
=856  \\$uhttps://imslp.org/wiki/6_Trio_Sonatas%2C_Op.2_(Nussen%2C_Frederick)$3International Music Score Library Project
=942  \\$cSCO
=952  \\$00$10$2ddc$40$6KTS_1_000000000000000_C2_33_07F29$70$8RAR$91706$aORPH$bORPH$cKTS1_C2$d2020-07-08$eKoopman$l0$oKTS1 C2.33 07F29$p20139312$r2021-01-12 00:00:00$w2021-01-12$ySCO
=999  \\$d1706

