=LDR  02335acm a2200289   4500
=001  1707
=008  220811s1838\\\\|||||a||\||||\00|\0\ger\d
=041  \\$dger$deng$ager
=059  \\$aSATB 2fl 2ob 2cl 2bsn 4hrn 2vn vla vc db org
=100  \\$aMendelssohn-Bartholdy, Felix$d1809-1847$4cmp$1http://www.wikidata.org/entity/Q46096$94998
=240  \\$aPsalm 42, Op. 42 (MWV A 15) "Wie der Hirsch schreit"
=245  \\$aDer XLII. Psalm op. 42
=260  \\$aLeipzig$bBreitkopf & Härtel$c1838
=300  \\$a87 pages
=500  \\$aPsalm 42, Op. 42 (MWV A 15) "Wie der Hirsch schreit" ("As pants the Hart") is a cantata for soprano, mixed choir and orchestra composed and published in 1837 (revised 1838). The text is based on the Old Testament Psalm 42 in Martin Luther's translation. 
At the work's first performance, in Leipzig on 1 January 1838, Mendelssohn conducted the Leipzig Gewandhaus Orchestra, with Clara Novello as soprano. Schumann opined in 1837 that Mendelssohn's setting of Psalm 42 was the "highest point that he [Mendelssohn] reached as a composer for the church. Indeed the highest point recent church music has reached at all." Mendelssohn himself described it as “my best sacred piece… the best thing I have composed in this manner”, a work “I hold in greater regard than most of my other compositions.” (Wikipedia) 
=500  \\$aFront matter and last page contain manuscript notes by Carl Schiedermayer about the purchase of this score from Fr. Hauser on october 4th 1850, as well as a performance on May 1st 1851. 
=561  \\$aCarl Schiedermayer (manuscript)
=648  \0$a19th Century (1801-1900)$1http://www.wikidata.org/entity/Q6955$920935
=650  \0$aCantata$1http://www.wikidata.org/entity/Q174873$921603
=650  \0$aVocal music$1http://www.wikidata.org/entity/Q685884$93319
=650  \0$aPsalm$1http://www.wikidata.org/entity/Q12497663$92164
=651  \0$aLeipzig (Germany)$1http://www.wikidata.org/entity/Q2079$945
=700  \\$4aut$aLuther, Martin$d1483-1546$1http://www.wikidata.org/entity/Q9554$94999
=856  \\$uhttps://books.google.be/books?id=3z5gAAAAcAAJ$3Google Books
=942  \\$cSCO
=952  \\$00$10$2ddc$40$6KTS_1_000000000000000_C2_33_07F30$70$8RAR$91707$aORPH$bORPH$cKTS1_C2$d2020-07-08$eKoopman$l0$oKTS1 C2.33 07F30$p20139311$r2021-01-12 00:00:00$w2021-01-12$ySCO
=999  \\$d1707

