=LDR  01383acm a2200277   4500
=001  1708
=008  220811r17881739|||||l||\||||\00|\0\eng\d
=041  \\$aeng
=059  \\$a2fl 2vn vc
=100  \\$aHandel, George Frideric$d1685-1759$4cmp$1http://www.wikidata.org/entity/Q7302$94765
=240  \\$aop. 5
=245  \\$aSeven Sonatas or Trios, for Two Violins or Two German Flutes and a Violoncello:$bComposed & published in the year 1739
=260  \\$aLondon$bArnold$c[1788]
=300  \\$a59 pages
=490  \\$aThe Works of G. F. Händel, Ed. in Score$v48
=534  \\$cLondon, Walsh, 1739$ohttps://imslp.org/wiki/Trio_Sonatas%2C_Op.5_(Handel%2C_George_Frideric)
=648  \0$a18th Century (1701-1800)$1http://www.wikidata.org/entity/Q7015$920899
=650  \0$aChamber music$1http://www.wikidata.org/entity/Q189201$92105
=650  \0$aTrio sonata$1http://www.wikidata.org/entity/Q903425$921654
=650  \0$aViolin$1http://www.wikidata.org/entity/Q8355$92783
=650  \0$aFlute$1http://www.wikidata.org/entity/Q11405$921276
=650  \0$aCello$1http://www.wikidata.org/entity/Q8371$92688
=651  \0$aLondon (United Kingdom)$1http://www.wikidata.org/entity/Q84$9123
=942  \\$cSCO
=952  \\$00$10$2ddc$40$6KTS_1_000000000000000_C2_33_07F31$70$8RAR$91708$aORPH$bORPH$cKTS1_C2$d2020-07-08$eKoopman$l0$oKTS1 C2.33 07F31$p20139319$r2021-01-12 00:00:00$w2021-01-12$ySCO
=999  \\$d1708

