=LDR  01728aam a2200277   4500
=001  1709
=008  220811s1757\\\\|||afg||\||||\00|\0\lat\d
=041  \\$alat
=245  \\$aMissale Romanum ex decreto sacrosancti Concilii Tridentini restitutum
=260  \\$aAntwerp$bPlantin$c1757
=300  \\$a[lxvi]-624-cxxvi-[4]-24 pages$billustrations, music
=500  \\$aThis book was used in Mechelen, Flanders. The names of the people who used this book are written in ink or pencil on front matter
=500  \\$aengraved title page, text (and music) written in red and black ink
=500  \\$aalso contains a calender of the festivities in 1839, in the church in Mechelen, under the direction of cardinal Engelbertus Sterckx (1792-1867): 'Missae proprium festorum'
=561  \\$aEx libris Jos Michiels, 1872, vicepastor in Werchter (manuscript)
=590  \\$aS. Pii V. jussu editum, Clementis VIII. et Urbani Papæ octavi auctoritate recognitum, et novis missis ex indulto apostolico hucusque concessis auctum
=648  \0$a18th Century (1701-1800)$1http://www.wikidata.org/entity/Q7015$920899
=650  \0$aCatholicism$1http://www.wikidata.org/entity/Q1841$921631
=650  \0$aLiturgy$1http://www.wikidata.org/entity/Q172331$92284
=650  \0$aMass$1http://www.wikidata.org/entity/Q217295$92735
=650  \0$aPrayer$1http://www.wikidata.org/entity/Q40953$921486
=651  \0$aMechelen (Belgium)$1http://www.wikidata.org/entity/Q162022$921975
=856  \\$uhttps://books.google.be/books?id=Qy2DuAEACAAJ$3Google Books
=942  \\$cBOO
=952  \\$00$10$2ddc$40$6KTS_1_000000000000000_C2_33_07F32$70$8RAR$91709$aORPH$bORPH$cKTS1_C2$d2020-07-08$eKoopman$l0$oKTS1 C2.33 07F32$p20139318$r2021-01-12 00:00:00$w2021-01-12$yBOO
=999  \\$d1709

