=LDR  01920aam a2200277   4500
=001  1710
=008  220811s1803\\\\|||g||||\||||\00|\0\fre\d
=041  \\$afre
=059  \\$absn
=100  \\$aOzi, Étienne$d1754-1813$4aut$1http://www.wikidata.org/entity/Q289996$96212
=245  \\$aNouvelle méthode de basson
=260  \\$aParis$bConservatoire de musique$c1803
=300  \\$a[viii]-145 pages$bplates, folded page, musical examples
=500  \\$aOriginally published in 1787 as 'Méthode de basson', later enriched as 'Méthode nouvelle et raisonnée pour le basson' (1797), finally as 'Nouvelle méthode de basson' (1803). 
=590  \\$aAdoptée par le Conservatoire pour servir à l'Étude dans cet Établissement. Cette Méthode Contient les Principes détaillés pour l'Étude du Basson, des Exercises dans tous les Tons, avec Accompagnement de Basse, douze Sonates d'une difficulté progressive. Trente Gammes variées et Quarante deux Caprices. Elle renferme aussi la manière de conserver l'Instrument, et les Moyens de faire les Anches.
=610  \0$aConservatoire de Paris (France)$1http://www.wikidata.org/entity/Q463055$920895
=648  \0$a19th Century (1801-1900)$1http://www.wikidata.org/entity/Q6955$920935
=650  \0$aMethod$1http://www.wikidata.org/entity/Q2250960$921402
=650  \0$aBassoon$1http://www.wikidata.org/entity/Q159998$921877
=650  \0$aSonata$1http://www.wikidata.org/entity/Q131269$921653
=650  \0$aCapriccio$1http://www.wikidata.org/entity/Q876812$921722
=651  \0$aParis (France)$1http://www.wikidata.org/entity/Q90$9160
=856  \\$uhttps://imslp.org/wiki/Nouvelle_m%C3%A9thode_de_basson_(Ozi%2C_%C3%89tienne)$3International Music Score Library Project
=942  \\$cBOO
=952  \\$00$10$2ddc$40$6KTS_1_000000000000000_C2_33_07F33$70$8RAR$91710$aORPH$bORPH$cKTS1_C2$d2020-07-08$eKoopman$l0$oKTS1 C2.33 07F33$p20139309$r2021-01-12 00:00:00$w2021-01-12$yBOO
=999  \\$d1710

