=LDR  03048aam a2200433   4500
=001  1711
=008  220811s1804\\\\|||g||||\||||\00|\0\fre\d
=041  \\$afre
=059  \\$abc
=100  \\$aFiocchi, Vincenzo$d1767-1845$4aut$1http://www.wikidata.org/entity/Q16712871$96213
=100  \\$aChoron, Alexandre$d1771-1834$4aut$1http://www.wikidata.org/entity/Q1392901$95290
=245  \\$aPrincipes d'accompagnement des écoles d'Italie
=260  \\$aParis$bImbault$c1804
=300  \\$axxxiv-173 pages$bmusical examples, 12 added pages with empty music staves, printer's stamp on title page, added manuscript notes throughout in pensil and ink
=500  \\$aAlexandre-Étienne Choron (1771-1834) was one of the pioneers of French musicology
=500  \\$aoriginal printer's information on title page glued over with new text (probably because of address change)
=500  \\$ahe is cited in Koopman 2008, 2
=500  \\$aincludes realized partimenti, fugues and exercises by Fenaroli, Fiocchi, Leo, Sala, Durante 
=500  \\$aImbault printers plate nr.213
=590  \\$aExtraits des meilleurs Auteurs: Leo, Durante, Fenaroli, Sala, Azopardi, Sabbatini le père, Martini, et autres. Ouvrage Classique servant d'introduction á l'étude de la Composition. Traduit de l'Italien, disposé dans l'ordre le plus propre à en faciliter l'intelligence et la pratique. Et dédié à Monsieur Tarchi
=650  \0$aBasso continuo$1http://www.wikidata.org/entity/Q724321$921065
=650  \0$aMethod$1http://www.wikidata.org/entity/Q2250960$921402
=650  \0$aMusic theory$1http://www.wikidata.org/entity/Q193544$92662
=650  \0$aComposing$1http://www.wikidata.org/entity/Q92186587$93076
=650  \0$aPartimento$1http://www.wikidata.org/entity/Q2054960$921242
=651  \0$aParis (France)$1http://www.wikidata.org/entity/Q90$9160
=651  \0$aItaly$1http://www.wikidata.org/entity/Q38$922
=700  \\$aMartini, Giovanni Battista$d1706-1784$4cmp$1http://www.wikidata.org/entity/Q283651$95397
=700  \\$aDurante, Francesco$d1684-1755$4cmp$1http://www.wikidata.org/entity/Q314221$96215
=700  \\$aFenaroli, Fedele$d1730-1818$4cmp$1http://www.wikidata.org/entity/Q3740837$96147
=700  \\$aLeo, Leonardo$d1694-1744$4cmp$1http://www.wikidata.org/entity/Q316735$96214
=700  \\$aSabbatini, Luigi Antonio$d1732-1809$4cmp$1http://www.wikidata.org/entity/Q1703008$96503
=700  \\$aAzopardi, Francesco$d1748-1809$4cmp$1http://www.wikidata.org/entity/Q594872$95289
=700  \\$aSala, Nicola$d1713-1801$4cmp$1http://www.wikidata.org/entity/Q708209$98181
=700  \\$aTarchi, Angelo$d1760-1814$4dte$1http://www.wikidata.org/entity/Q536729$924641
=856  \\$uhttps://imslp.org/wiki/Principes_d'Accompagnement_des_%C3%89coles_d'Italie_(Choron%2C_Alexandre-%C3%89tienne)$3International Music Score Library Project
=942  \\$cBOO
=952  \\$00$10$2ddc$40$6KTS_1_000000000000000_C2_33_07F34$70$8RAR$91711$aORPH$bORPH$cKTS1_C2$d2020-07-08$eKoopman$l0$oKTS1 C2.33 07F34$p20139310$r2021-01-12 00:00:00$w2021-01-12$yBOO
=999  \\$d1711

