=LDR  04864aam a2200841   4500
=001  1712
=008  220120q1810\\\\\\\g||||\||||\00|\0\mul\d
=041  \\$afre$ager
=059  \\$av
=100  \\$aMengozzi, Bernardo$d1758-1800$4aut$1http://www.wikidata.org/entity/Q19998065$98165
=245  \\$aMéthode de chant du Conservatoire de Musique à Paris en 3 Parties = Singeschule des Conservatorium der Musik in Paris in 3 Abtheilungen$n1/3.$b1. Les Principes du chant et des Exercises pour la Voix = 1. Die Grundsätze des Gesanges und Stimmübungen
=260  \\$aLeipzig$bBreitkopf & Härtel$cc. 1810
=300  \\$a[iv]-98 pages$bmusical examples
=500  \\$aOne of the Conservatoire methods devised in 1796
=590  \\$a2. Des Solfèges tirés des meilleurs Ouvrages Anciens et Modernes = 2. Solminsationen aus den besten ältern u. neuern Werken
3. Airs dans tous les mouvemens et les Différens Caractères = 3. Arien in allen Taktarten und von allen Characteren
=610  \0$aConservatoire de Paris (France)$1http://www.wikidata.org/entity/Q463055$920895
=648  \0$a18th Century (1701-1800)$1http://www.wikidata.org/entity/Q7015$920899
=650  \0$aMethod$1http://www.wikidata.org/entity/Q2250960$921402
=650  \0$aSinging$1http://www.wikidata.org/entity/Q27939$92767
=651  \0$aParis (France)$1http://www.wikidata.org/entity/Q90$9160
=653  \0$aaccentuering$350, 69$020139320$w07F35$928447
=653  \0$aademhalen$36, 7, 70-74$020139320$w07F35$928491
=653  \0$aafwisseling$393$020139320$w07F35$928514
=653  \0$aappoggiatura$359, 60, 61, 62, 63$020139320$w07F35$928737
=653  \0$aartikulatie$319, 21, 47, 49, 61, 69, 75, 76, 77$020139320$w07F35$928817
=653  \0$aBach, J.S.$3eta$020139320$w07F35$928929
=653  \0$acadens$390, 91$020139320$w07F35$930106
=653  \0$acantabile$388$020139320$w07F35$930185
=653  \0$acatalogus Breitkopf$3begin van het boek$020139320$w07F35$930299
=653  \0$aoverpuncteren$369$020139320$w07F35$935679
=653  \0$adiminutie$349, 60, 78, 80, 88, 89, 92, 93$020139320$w07F35$931086
=653  \0$adubbelslag$360, 61, 67, 68, 69$020139320$w07F35$931248
=653  \0$adubbelslag op de slag$361, 62$020139320$w07F35$931251
=653  \0$adubbelslag voor de slag$361, 62$020139320$w07F35$931253
=653  \0$adynamiek$350, 69$020139320$w07F35$931346
=653  \0$aemoties$377, 89, 95, 96$020139320$w07F35$931445
=653  \0$aport de voix$359, 60, 61-63$020139320$w07F35$936088
=653  \0$aport de voix op de slag$360, 61, 74$020139320$w07F35$936090
=653  \0$aport de voix_dynamiek$360$020139320$w07F35$936093
=653  \0$aport de voix_lengte van$360$020139320$w07F35$936094
=653  \0$aportamento$319, 20, 21-35, 62$020139320$w07F35$936099
=653  \0$afalset$39$020139320$w07F35$931595
=653  \0$afermate$390, 91$020139320$w07F35$931664
=653  \0$asopraan$39$020139320$w07F35$936365
=653  \0$astemmutatie$39, 10, 11$020139320$w07F35$936560
=653  \0$afrans - italiaans$380$020139320$w07F35$931871
=653  \0$atekst$375-77$020139320$w07F35$936775
=653  \0$atenor$39$020139320$w07F35$936845
=653  \0$aItaliaanse invloed in Frankrijk$3delta $020139320$w07F35$933147
=653  \0$azangcadens in recitatief$380-87$020139320$w07F35$938085
=653  \0$azangeres$37$020139320$w07F35$938089
=653  \0$arecitatief$377, 79-87$020139320$w07F35$938285
=653  \0$aribattuta di gola in 19e eeuw$349, 64, 65$020139320$w07F35$938409
=653  \0$aritenuto$380$020139320$w07F35$938470
=653  \0$aluit$3eta$020139320$w07F35$934262
=653  \0$amessa di voce$313, 14, 15, 50$020139320$w07F35$934702
=653  \0$amordent$367$020139320$w07F35$934868
=653  \\$aaccentus$380-87$928448$020139320$w07F35
=653  \\$abaszanger$37-9$929211$020139320$w07F35
=653  \\$aBernacchi$3delta$929454$020139320$w07F35
=653  \\$abrisé$367$929943$020139320$w07F35
=653  \\$agepuncteerde dubbelslag$360, 61$932123$020139320$w07F35
=653  \\$ahaute-contre$37, 9$932629$020139320$w07F35
=653  \\$ahoofdnoottriller$349, 63, 64, 65, 66, 67$932889$020139320$w07F35
=653  \\$aMengozzi, B.$3wb$934657$020139320$w07F35
=653  \\$aregister bij zangstem$39, 16-19, 37, 38, 48$938309$020139320$w07F35
=653  \\$atrilleroefening$363-67$937140$020139320$w07F35
=653  \\$aversnelling van tempo triller$364, 65$937495$020139320$w07F35
=856  \\$uhttps://reader.digitale-sammlungen.de/de/fs1/object/display/bsb11304303_00005.html$3Bavarian State Library
=856  \\$uhttps://api.digitale-sammlungen.de/iiif/presentation/v2/bsb11304303/manifest$3IIIF manifest
=942  \\$cBOO
=952  \\$00$10$2ddc$40$6KTS_1_000000000000000_C2_33_07F35$70$8RAR$91712$aORPH$bORPH$cKTS1_C2$d2020-07-08$eKoopman$oKTS1 C2.33 07F35$p20139320$r2021-01-12 00:00:00$w2021-01-12$yBOO
=999  \\$d1712

