=LDR  01364aam a2200253   4500
=001  1713
=008  220811q1830\\\\|||acfg|\||||\00|\0\mul\d
=041  \\$afre$aita
=059  \\$av
=100  \\$aGaraudé, Alexis de$d1779-1852$4aut$1http://www.wikidata.org/entity/Q1284090$95136
=240  \\$aop. 40
=245  \\$aMéthode complète de chant
=260  \\$aParis$bVaillant
=300  \\$a285 pages$bmusic examples, engraved title page
=500  \\$aAlexis de Garaudé (1779-1852) was chorister at the imperial (then royal) chapel from 1808 to 1830 and a singing teacher at the Paris Conservatory from 1816 to 1841. He was also a composer, a performer and has mainly published courses and manuals on the teaching of music and singing.
=500  \\$aincludes a portrait of the author
=648  \0$a19th Century (1801-1900)$1http://www.wikidata.org/entity/Q6955$920935
=650  \0$aMethod$1http://www.wikidata.org/entity/Q2250960$921402
=650  \0$aSinging$1http://www.wikidata.org/entity/Q27939$92767
=651  \0$aParis (France)$1http://www.wikidata.org/entity/Q90$9160
=856  \\$uhttps://gallica.bnf.fr/view3if/ga/ark:/12148/bpt6k9751649h/f13$3IIIF
=942  \\$cBOO
=952  \\$00$10$2ddc$40$6KTS_1_000000000000000_C2_33_07F36$70$8RAR$91713$aORPH$bORPH$cKTS1_C2$d2020-07-08$eKoopman$l0$oKTS1 C2.33 07F36$p20139321$r2021-01-12 00:00:00$w2021-01-12$yBOO
=999  \\$d1713

