=LDR  03921aam a2200601   4500
=001  1714
=008  220815r18151804|||g||||\||||\00|\0\mul\d
=041  \\$afre$ager
=059  \\$apf
=100  \\$aAdam, Louis$d1758-1848$4aut$1http://www.wikidata.org/entity/Q1349517$96226
=245  \\$aMéthode de piano forté du Conservatoire$nvol. 1
=246  \1$aPianoforteschule des Conservatoriums der Musik in Paris
=260  \\$aBonn$aCologne$bSimrock$c1815
=300  \\$a[viii]-73 pages$bmusic examples
=500  \\$aFirst volume of three, for the complete version see 07D42
=520  \\$aLouis Adam (1758-1848) was a French composer, music teacher, and piano virtuoso. He spent over four decades, from 1797 through 1842, as Professor of Pianoforte at the Conservatoire de Paris, whrere he taught Friedrich Kalkbrenner and Ferdinand Hérold, among others. In addition to being a skilled pianist, he composed a number of piano pieces that were in vogue at the time, especially some variations on 'Le Bon Roi Dagobert'. He also wrote two standard instruction books for piano: Méthode ou principe générale du doigté pour le forté-piano (1798) and Méthode nouvelle pour le piano (1802). His influential 'Méthode de piano du Conservatoire', which contributed to the advancement of piano technique in Paris, was first published in 1804
=534  \\$aOriginally published in 1804
=590  \\$achoix de morceaux doigtés dans les différens caractères et mouvemens
=610  \0$aConservatoire de Paris (France)$1http://www.wikidata.org/entity/Q463055$920895
=648  \0$a19th Century (1801-1900)$1http://www.wikidata.org/entity/Q6955$920935
=650  \0$aMusic education$1http://www.wikidata.org/entity/Q27908$921766
=650  \0$aMethod$1http://www.wikidata.org/entity/Q2250960$921402
=650  \0$aPiano$1http://www.wikidata.org/entity/Q5994$92127
=651  \0$aParis (France)$1http://www.wikidata.org/entity/Q90$9160
=653  \0$aarpeggio$353, 54, 70, 71$020139322$w07F37$928797
=653  \0$aartikulatie$38, 32, 33, 56$020139322$w07F37$928817
=653  \0$aBach, J.S.$3alfa$020139322$w07F37$928929
=653  \0$acatalogus Simrock$3begin van het boek$020139322$w07F37$930302
=653  \0$adubbelslag$351$020139322$w07F37$931248
=653  \0$apianoforte$3wb$020139322$w07F37$935944
=653  \0$apolyritmiek$371$020139322$w07F37$936063
=653  \0$agesticuleren$36$020139322$w07F37$932158
=653  \0$atremblement lié$347$020139322$w07F37$937092
=653  \0$atremolo$371$020139322$w07F37$937095
=653  \0$atrillervingerzetting$346-52$020139322$w07F37$937160
=653  \0$ahandhouding$36, 7$020139322$w07F37$932548
=653  \0$avingerzetting$38-70, 52, 58, 59$020139322$w07F37$937568
=653  \0$aklavecimbel$3delta - epsilon$020139322$w07F37$933450
=653  \0$akleine versieringsnootjes op de slag$351, 52$020139322$w07F37$933614
=653  \0$alengte van port de voix$352$020139322$w07F37$934041
=653  \0$aSilbermann, G.$31$020139322$w07F37$939116
=653  \\$abovensecunde triller in 19e eeuw$347, 48, 49, 50$929856$020139322$w07F37
=653  \\$aduim op boventoets$38, 30$931271$020139322$w07F37
=653  \\$ahoofdnoottriller$347, 48, 49$932889$020139322$w07F37
=653  \\$amordent - hoofdnoottriller$347$934869$020139322$w07F37
=653  \\$atertsvingerzetting$339-42$936867$020139322$w07F37
=653  \\$atriolen vs achtstes aanpassen$371$937168$020139322$w07F37
=653  \\$aVahal, J.$3beta$937315$020139322$w07F37
=653  \\$avingerwisseling bij toonherhaling$335, 36$937566$020139322$w07F37
=856  \\$uhttps://imslp.org/wiki/M%C3%A9thode_de_piano_du_Conservatoire_(Adam%2C_Louis)$3International Music Score Library Project
=942  \\$cBOO
=952  \\$00$10$2ddc$40$6KTS_1_000000000000000_C2_33_07F37$70$8RAR$91714$aORPH$bORPH$cKTS1_C2$d2020-07-08$eKoopman$l0$oKTS1 C2.33 07F37$p20139322$r2021-01-12 00:00:00$w2021-01-12$yBOO
=999  \\$d1714

