=LDR  02288aam a2200241   4500
=001  1715
=008  220815s1557\\\\|||a||||\||||\00|\0\fre\d
=041  \\$afre
=100  \\$aMesmes, Jean Pierre de$d1516-1578$4aut$1http://www.wikidata.org/entity/Q110225786$96222
=245  \\$aLes Institutions astronomiques
=260  \\$aParis$bde Vascosan$c1557
=300  \\$a[xiv]-314-[18] pages$billustrations
=520  \\$a'Les Institutions astronomiques' is the first scientific work of the poet and scholar Jean-Pierre de Mesmes (1516-1578). It is also the first book on astronomy to be written in French instead of Greek and Latin. This publication had two objectives: to boost the knowledge of the exact sciences (and to make up for the backwardness in that area in France) and to enrich the French language, enhancing its value and prestige. The book also provides an of introduction to the practice of astronomy: how to predict the characteristics, time and duration of an eclipse with the help of the tables, how to modify the data of the Ephemerides by taking into account the different longitudes etc. It also shows how to carry out a few simple observations, such as finding the stars that mark the equator, or locating the four cardinal points. The author uses concrete examples, very clear figures and precise drawings. It is therefore a useful and complete book, open to both the theoretical and practical aspects of astronomy.
=590  \\$acontenant les principaux fondemens et premieres causes de cours de mouvemens celestes. Avec la totale revolutions du ciel & de ses parties: ses causes & raisons de eclipses, tant de la lune, que du soleil.
=648  \0$a16th Century (1501-1600)$1http://www.wikidata.org/entity/Q7017$920944
=650  \0$aMethod$1http://www.wikidata.org/entity/Q2250960$921402
=650  \0$aAstronomy$1http://www.wikidata.org/entity/Q333$924195
=650  \0$aFrench$1http://www.wikidata.org/entity/Q150$923117
=651  \0$aParis (France)$1http://www.wikidata.org/entity/Q90$9160
=856  \\$uhttps://books.google.be/books?id=RklRAAAAcAAJ$3Google Books
=942  \\$cBOO
=952  \\$00$10$2ddc$40$6KTS_1_000000000000000_C2_33_07F38$70$8RAR$91715$aORPH$bORPH$cKTS1_C2$d2020-07-08$eKoopman$l0$oKTS1 C2.33 07F38$p20139323$r2021-01-12 00:00:00$w2021-01-12$yBOO
=999  \\$d1715

