=LDR  01814aad a2200289   4500
=001  1717
=008  220815s1842\\\\|||g||||\||||\00|\0\fre\d
=041  \\$afre
=059  \\$avc
=100  \\$aLée, Sebastian$d1805-1887$4aut$1http://www.wikidata.org/entity/Q442277$96224
=240  \\$aop. 30
=245  \\$aMéthode pratique pour le violoncelle
=250  \\$a1st ed.
=260  \\$aParis$bAulagnier$c1842
=300  \\$a107 pages$bmusic examples
=500  \\$aSebastian Lee (1805-1887) was a German cellist and pedagogue active in France and Germany. In 1832, he debuted in the Theatre Italien in Paris. From 1837 to 1843, he was a soloist at the Paris Opéra. He also taught the cello at the Paris Conservatory until 1868, when he returned to his birthplace, Hamburg. 
=500  \\$aIn both his playing and teaching styles, he displayed a combination of the German and French schools. He is most notable for the composition of an anthology of 40 cello études faciles (40 Easy Etudes for Violoncello, Opus 70)
=501  \\$abound in with Stiastny's 'XII pièces faciles'
=610  \0$aConservatoire de Paris (France)$1http://www.wikidata.org/entity/Q463055$920895
=648  \0$a19th Century (1801-1900)$1http://www.wikidata.org/entity/Q6955$920935
=650  \0$aMethod$1http://www.wikidata.org/entity/Q2250960$921402
=650  \0$aCello$1http://www.wikidata.org/entity/Q8371$92688
=651  \0$aParis (France)$1http://www.wikidata.org/entity/Q90$9160
=856  \\$uhttps://imslp.org/wiki/M%C3%A9thode_pratique_pour_le_violoncelle,_Op.30_(Lee,_Sebastian)$3International Music Score Library Project
=942  \\$cBOO
=952  \\$00$10$2ddc$40$6KTS_1_000000000000000_C2_33_07F39A$70$8RAR$91717$aORPH$bORPH$cKTS1_C2$d2020-07-08$eKoopman$l0$oKTS1 C2.33 07F39a$p20139324a$r2021-01-12 00:00:00$w2021-01-12$yBOO
=999  \\$d1717

