=LDR  01377aad a2200253   4500
=001  1718
=005  20250923161049.0
=008  220815s1812\\\\|||g||||\||||\00|\0\eng\d
=041  \\$aeng
=059  \\$abc
=100  \\$aJousse, Jean$d1760-1837$4aut$96225
=245  \\$aGuida Armonica
=260  \\$aLondon$bGoulding$bD'Almaine$bPotter$c1812
=300  \\$axvi-91 pages$b1 folded page
=501  \\$aBound in with Bemetzrieder's 'The Art of Tuning' (1809?)
=590  \\$aIn which the Origin, Signature, Name & Use of all the Chords Are Clearly Explained and Illustrated by Numerous Examples Calculated to Facilitate the Theory & Practice of Thorough Bass and Shorten the Study of Musical Composition To which are added Concise Rules and directions for accompanying with propriety, Vocal & Instrumental Music
=648  \0$a19th Century (1801-1900)$1http://www.wikidata.org/entity/Q6955$920935
=650  \0$aBasso continuo$1http://www.wikidata.org/entity/Q724321$921065
=650  \0$aMusic theory$1http://www.wikidata.org/entity/Q193544$92662
=651  \0$aLondon (United Kingdom)$1http://www.wikidata.org/entity/Q84$9123
=942  \\$cBOO
=952  \\$00$10$2ddc$40$6KTS_1_000000000000000_C2_34_07F40A$70$8RAR$91718$aORPH$bORPH$cKTS1_C2$d2020-07-08$eKoopman$l0$oKTS1 C2.34 07F40a$p20139326a$r2021-01-12 00:00:00$w2021-01-12$yBOO
=999  \\$d1718
=533  \\$aDigitized by iGuana, Spring 2025.

