=LDR  01199aad a2200217   4500
=001  1719
=008  220815q1809\\\\|||g||||\||||\00|\0\eng\d
=041  \\$aeng
=100  \\$aBemetzrieder, Anton$d1743-1817$4aut$1http://www.wikidata.org/entity/Q2856990$95415
=245  \\$aThe Art of Tuning our Instruments Made Interesting & Easy to All Students in Music and Dedicated to the Amateurs Who Like to Tune Occasionally their Piano fortes
=260  \\$aLondon$bGoulding$bD'Almaine$bPotter$c1809?
=300  \\$a11 pages
=500  \\$aAnton Bemetzrieder (1739-1817) was a French music theorist, composer, music educator and author. 
=501  \\$aBound in with Jousse's 'Guida Armonica' (1812)
=648  \0$a19th Century (1801-1900)$1http://www.wikidata.org/entity/Q6955$920935
=650  \0$aMusic theory$1http://www.wikidata.org/entity/Q193544$92662
=650  \0$aTuning$1http://www.wikidata.org/entity/Q858576$921655
=651  \0$aLondon (United Kingdom)$1http://www.wikidata.org/entity/Q84$9123
=942  \\$cBOO
=952  \\$00$10$2ddc$40$6KTS_1_000000000000000_C2_34_07F40B$70$8RAR$91719$aORPH$bORPH$cKTS1_C2$d2020-07-08$eKoopman$l0$oKTS1 C2.34 07F40b$p20139326b$r2021-01-12 00:00:00$w2021-01-12$yBOO
=999  \\$d1719

