=LDR  02729aam a2200349   4500
=001  1720
=008  220815s1815\\\\|||g||||\||||\00|\0\mul\d
=041  \\$afre$ager
=059  \\$apf
=100  \\$aAdam, Louis$d1758-1848$4aut$1http://www.wikidata.org/entity/Q1349517$96226
=245  \\$aMéthode de piano forte du Conservatoire
=246  \1$aPianoforteschule des Conservatoriums der Musik in Paris
=260  \\$aBonn$aCologne$aAmsterdam$bSimrock$bSteup$c1815
=300  \\$a3 vols. (73+79+55 pages)$bmusic examples
=500  \\$a Louis Adam (1758-1848) was a French composer, music teacher, and piano virtuoso. He spent over four decades, from 1797 through 1842, as Professor of Pianoforte at the Conservatoire de Paris. In addition to being a skilled pianist, he composed a number of piano pieces that were in vogue at the time, especially some variations on Le Bon roi Dagobert. He also wrote two standard instruction books for piano: Méthode ou principe générale du doigté pour le forté-piano (1798) and Méthode nouvelle pour le piano (1802).
=500  \\$aIn 1804, he published the 'Méthode de piano du Conservatoire', an influential work, which contributed to the advancement of piano technique in Paris
=500  \\$aAs a professor at the Conservatoire, he taught Friedrich Kalkbrenner and Ferdinand Hérold
=500  \\$aJean-Louis (Johann Ludwig) Adam was Adolphe Adam's father
=500  \\$a3 vols. in 1, 1st volume identical to 07F37
=505  \\$gvol. 1: Methode de piano forte / Pianoforte-Schule
=505  \\$gvol. 2: Cinquantes Leçons progressives doigtées pour les petites mains / Fünfzig vom leichten zum Scherern fortschreitende für kleine Hände bezifferte übungstükke
=505  \\$gvol. 3: Methode de piano choix de morceau doigtés dans les différens caractères et mouvemens / Auswahl Grösserer Übungsstücke mit bezeichnetem Fingersatze für das Piano Forte. Von Seb. Bach, P. E. Bach, Clementi, Händel, Mozart, Scarlatti &
=534  \\$aOriginally published in 1804
=648  \0$a19th Century (1801-1900)$1http://www.wikidata.org/entity/Q6955$920935
=650  \0$aMethod$1http://www.wikidata.org/entity/Q2250960$921402
=650  \0$aPiano$1http://www.wikidata.org/entity/Q5994$92127
=650  \0$aMusic education$1http://www.wikidata.org/entity/Q27908$921766
=651  \0$aParis (France)$1http://www.wikidata.org/entity/Q90$9160
=856  \\$uhttps://imslp.org/wiki/M%C3%A9thode_de_piano_du_Conservatoire_(Adam%2C_Louis)$3International Music Score Library Project
=942  \\$cBOO
=952  \\$00$10$2ddc$40$6KTS_1_000000000000000_C2_33_07F42$70$8RAR$91720$aORPH$bORPH$cKTS1_C2$d2020-07-08$eKoopman$l0$oKTS1 C2.33 07F42$p20139325$r2021-01-12 00:00:00$w2021-01-12$yBOO
=999  \\$d1720

