=LDR  01265aam a2200241   4500
=001  1721
=008  220815s1688\\\\|||acf||\||||\00|\0\eng\d
=041  \\$aeng$hita
=100  \\$aWright, John Michael$d1617-1694$4aut$1http://www.wikidata.org/entity/Q381698$96227
=245  \\$aAn Account of His Excellence Roger Earl of Castlemaine's Embassy
=260  \\$aLondon$bSnowden$c1688
=300  \\$a116 pages$bengraved frontispiece, big foldout page inserted
=500  \\$abeautifully illustrated
=561  \\$aEx libris Julie Peeters 1941 (plate, Brussels)
=600  \0$aCastlemaine, Roger Palmer$cEarl of$d1634-1705$1http://www.wikidata.org/entity/Q3439334$924678
=648  \0$a17th Century (1601-1700)$1http://www.wikidata.org/entity/Q7016$920923
=650  \0$aHistory$1http://www.wikidata.org/entity/Q309$921403
=650  \0$aPolitics$1http://www.wikidata.org/entity/Q7163$921826
=651  \0$aLondon (United Kingdom)$1http://www.wikidata.org/entity/Q84$9123
=856  \\$uhttps://archive.org/details/accountofhisexce00wrig/page/n6/mode/2up$3Internet Archive
=942  \\$cBOO
=952  \\$00$10$2ddc$40$6KTS_1_000000000000000_C2_33_07F43$70$8RAR$91721$aORPH$bORPH$cKTS1_C2$d2020-07-08$eKoopman$l0$oKTS1 C2.33 07F43$p20139327$r2021-01-12 00:00:00$w2021-01-12$yBOO
=999  \\$d1721

