=LDR  01248acm a2200241   4500
=001  1723
=008  220518s1711\\\\|||||l||\||||\00|\0\fre\d
=041  \\$afre$dlat
=059  \\$a2S2A 2melodic instr vc bc
=100  \\$aValette de Montigny, Joseph$d1665-1738$4cmp$1http://www.wikidata.org/entity/Q3185705$96228
=245  \\$aMotets à I II III voix :$bavec et sans instruments et bassecontinue$nvol. 1
=260  \\$aParis$bBallard$c1711
=300  \\$a[ii]-111-[1] pages
=500  \\$aGuillo 2021 n° 1711-F; RISM V 152 et VV 152
=561  \\$aEx libris Henry Prunières (plate), Comtesse de Chambure (plate) & 'Gravieu' (?) (manuscript)
=648  \0$a18th Century (1701-1800)$1http://www.wikidata.org/entity/Q7015$920899
=650  \0$aMotet$1http://www.wikidata.org/entity/Q188285$92028
=650  \0$aCatholicism$1http://www.wikidata.org/entity/Q1841$921631
=651  \0$aFrance$1http://www.wikidata.org/entity/Q142$9131
=856  \\$uhttps://imslp.org/wiki/Motets_I_(Valette_de_Montigny%2C_Joseph)$3International Music Score Library Project
=942  \\$cSCO
=952  \\$00$10$2ddc$40$6KTS_1_000000000000000_C2_33_07F45$70$8RAR$91723$aORPH$bORPH$cKTS1_C2$d2020-07-08$eKoopman$oKTS1 C2.33 07F45$p20139329$r2021-01-12 00:00:00$w2021-01-12$ySCO
=999  \\$d1723

