=LDR  02804aac a2200385   4500
=001  1724
=008  220815k17601767|||acf||\||||\00|\0\dut\d
=041  \\$adut
=100  \\$aWagenaar, Jan$d1709-1773$4aut$1http://www.wikidata.org/entity/Q276704$96229
=245  \\$aAmsterdam in zijne opkomst, aanwas, geschiedenissen, voorregten, koophandel, gebouwen, kerkenstaat, schoolen, schutterye, gilden, en regeeringe$nvols. 1-3
=260  \\$aAmsterdam$bTirion$bYntema$bTieboel$c1760-67
=300  \\$a3 vols. ([x]-xxiv-743+552+566 pages)$b4-23-4 folded pages, 22-11 plates inserted
=500  \\$aVols. 1 & 2 published by Tirion, vol. 3 by Yntema and Tieboel. The whole series contains 13 vols.
=500  \\$adedicated to the "Schout, Burgemeesteren, Schepen en Raaden der Stad Amsterdam"
=500  \\$aJan Wagenaar (1709-1773) was a Dutch historian whose portrait is included in the book opposite p. i
=500  \\$abeautiful title-plate with an elaborate description
=500  \\$alavishly illustrated with engraved plates
=590  \\$abeschreeven, door Jan Wagenaar, historieschryver der stad
=648  \0$a18th Century (1701-1800)$1http://www.wikidata.org/entity/Q7015$920899
=650  \0$aHistory$1http://www.wikidata.org/entity/Q309$921403
=650  \0$aChurch$1http://www.wikidata.org/entity/Q16970$93776
=650  \0$aCuckoo$1http://www.wikidata.org/entity/Q18845$922474
=650  \0$aEconomy$1http://www.wikidata.org/entity/Q159810$921625
=650  \0$aPolitics$1http://www.wikidata.org/entity/Q7163$921826
=651  \0$aAmsterdam (Netherlands)$1http://www.wikidata.org/entity/Q727$9135
=700  \\$4ill$aBuys, Jacobus$d1724-1801$1http://www.wikidata.org/entity/Q6119855$96230
=700  \\$4ill$aHoubraken, Jacobus$d1698-1780$1http://www.wikidata.org/entity/Q1375551$96231
=856  \\$uhttps://books.google.be/books?id=brk7AQAAMAAJ&dq=inauthor:%22Jan+Wagenaar%22+Amsterdam&hl=nl&source=gbs_navlinks_s$3vol. 1
=856  \\$uhttps://books.google.be/books?id=_bg7AQAAMAAJ&dq=editions:_NZj5KWjzhUC&hl=nl&source=gbs_navlinks_s$3vol. 2
=856  \\$uhttps://books.google.be/books?id=Erk7AQAAMAAJ&dq=editions:_NZj5KWjzhUC&hl=nl&source=gbs_navlinks_s$3vol. 3
=942  \\$cBOO
=952  \\$00$10$2ddc$3vol. 1$40$6KTS_1_000000000000000_C2_33_07F46_01$70$8RAR$91724$aORPH$bORPH$cKTS1_C2$d2020-07-08$eKoopman$l0$oKTS1 C2.33 07F46_01$p20139328$r2021-01-12 00:00:00$w2021-01-12$yBOO
=952  \\$00$10$2ddc$3vol. 2$40$6KTS_1_000000000000000_C2_33_07F46_02$70$8RAR$921732$aORPH$bORPH$cKTS1_C2$d2020-07-08$eKoopman$l0$oKTS1 C2.33 07F46_02$p20139330$r2021-01-12 00:00:00$w2021-01-12$yBOO
=952  \\$00$10$2ddc$3vol. 3$40$6KTS_1_000000000000000_C2_33_07F46_03$70$8RAR$921733$aORPH$bORPH$cKTS1_C2$d2020-07-08$eKoopman$l0$oKTS1 C2.33 07F46_03$p20139331$r2021-01-12 00:00:00$w2021-01-12$yBOO
=999  \\$d1724

