=LDR  03198aam a2200325   4500
=001  1725
=008  220815r17091697|||a||||\||||\00|\0\lat\d
=041  \\$alat
=100  \\$aReinzer, Franz$d1661-1708$4aut$1http://www.wikidata.org/entity/Q5492933$96232
=245  \\$aMeteorologia philosophico-politica
=250  \\$a3rd ed.
=260  \\$aAugsburg$bWolf$c1709
=300  \\$a[ii]-297-[3] pages$billustrations
=500  \\$aFranz Reinzer (1661–1708) was an Austrian Jesuit professor of rhetoric, philosophy, and theology at Linz, Graz, Vienna, and Krems. His Meteorologia philosophico-politica, in duodecim dissertationes per quaestiones meteorologicas & conclusiones politicas divisa, appositisque was first published in 1697. A third edition was published posthumously in 1709.
=500  \\$aHis Meteorologia philosophico-politica is, as its title indicates, a meteorological, astrological, and political compendium. It comprises 12 dissertations – most of which follow Athanasius Kircher. Subjects covered include comets, meteors, lightning, winds, fossils, metals, bodies of water, and subterranean treasures and secrets of the earth. Illustrations in the 1709 edition were done by Wolffgangus Josephus Kadoriza. 
=500  \\$aReinzer intended that this work be read by Emperor Joseph I, who was nonetheless hostile towards the Jesuits. His 12 dissertations are subdivided into 84 "questions." These questions not only consider various natural phenomena but also the application of appropriate political policy and behavior in reaction to them. Thus, in his examination on comets, which deals with the appearance of every notable comet from 1500 to 1688, Reinzer discusses the predicted political upheavals and other political events that came in their wakes, and asks that Joseph be a wise and just ruler. 
=500  \\$ainteresting engravings; handwritten note on a loose sheet about friendship, 'l'amitié', inserted between pages 124-125
=534  \\$aOriginally published in 1697
=590  \\$aIn duodecim dissertationes per quæstiones meteorologicas et conclusiones politicas divisa, appositisque symbolis illustrata: olim honori Augusti Romanorum Regis Josephi I. Inscripta, nunc denuo ad multorum desiderium in lucem correctior edita, authore reverendo padre Francisco Reinzer, e Societate Jesu, AA. LL. et Philosophiæ, nec non SS. Theol. Doctore, cum privilegio Sacræ Cæs. Maj.
=648  \0$a17th Century (1601-1700)$1http://www.wikidata.org/entity/Q7016$920923
=648  \0$a18th Century (1701-1800)$1http://www.wikidata.org/entity/Q7015$920899
=650  \0$aScience$1http://www.wikidata.org/entity/Q7991$921650
=650  \0$aGeography$1http://www.wikidata.org/entity/Q1071$921798
=650  \0$aPhilosophy$1http://www.wikidata.org/entity/Q5891$92357
=650  \0$aPolitics$1http://www.wikidata.org/entity/Q7163$921826
=651  \0$aAustria$1http://www.wikidata.org/entity/Q40$9202
=856  \\$uhttps://books.google.be/books?id=kfJbnQEACAAJ$3Google Books
=942  \\$cBOO
=952  \\$00$10$2ddc$40$6KTS_1_000000000000000_C2_34_07F47$70$8RAR$91725$aORPH$bORPH$cKTS1_C2$d2020-07-08$eKoopman$l0$oKTS1 C2.34 07F47$p20139332$r2021-01-12 00:00:00$w2021-01-12$yBOO
=999  \\$d1725

