=LDR  02747aaa a2200289   4500
=001  1727
=008  210923s1749\\\\\\\|||||\||||\00|\0\lat\d
=041  \\$alat
=100  \\$aGessner, Johann Matthias$d1691-1761$4aut$1http://www.wikidata.org/entity/Q574402$98017
=245  \\$aNovus linguæ et eruditionis romanæ thesaurus$n2 volumes
=250  \\$a1st ed.
=260  \\$aLeipzig$bVidus$bBreitkopf$c1749
=300  \\$a2 vols. ([xl]-1346-1271 + 1195-1147-291 pages)$bfrontispiece engraving, black & red title page
=500  \\$aFrontispiece line engraving: portrait of Gesnerus by Johann Martin Bernigeroth (1713-1767) after F. Reibenstein.
=500  \\$aAs early as between 1726 and 1735, Gesner worked on improved new editions of the Thesaurus eruditionis scholasticae, first published in 1571 by Basilius Faber, which is one of the most frequently printed lexicons of the early modern period. In 1733, Gesner first thought about a completely new lexicon of the Latin language and estimated that it would take three years to complete. When the four-volume Novus Linguæ Et Eruditionis Romanae Thesaurus finally appeared in 1749, it represented the result of twelve years' work. Gesner's lexicon differed from those of his predecessors primarily in three points: in his selection of vocabulary, Gesner restricted himself exclusively to ancient sources and omitted all Middle and New Latin expressions. Furthermore, he did not place any German-language equivalents alongside the Latin expressions - out of the conviction that the meaning must be derived from the original evidence. Finally, Gesner arranged the internal structure of the articles strictly chronologically according to the development of words and meanings. 
=504  \\$aIncludes an index of 291 pages
=563  \\$aBound in white vellum
=648  \0$a18th Century (1701-1800)$1http://www.wikidata.org/entity/Q7015$920899
=650  \0$aDictionary$1http://www.wikidata.org/entity/Q23622$921580
=650  \0$aLinguistics$1http://www.wikidata.org/entity/Q8162$93902
=651  \0$aLeipzig (Germany)$1http://www.wikidata.org/entity/Q2079$945
=700  \\$aGeorge II$cKing of Great Britain$d1683-1760$1http://www.wikidata.org/entity/Q131981$4dte$925011
=700  \\$aBernigeroth, Johann Martin$d1713-1767$1http://www.wikidata.org/entity/Q12320018$4egr$96276
=942  \\$cBOO
=952  \\$00$10$2ddc$3vol. 1-2$40$6KTS_1_000000000000000_C1_34_07G02_01$70$8RAR$91727$aORPH$bORPH$cKTS1_C1$d2020-07-08$eKoopman$oKTS1 C1.34 07G02_01$p20134153$r2021-01-12 00:00:00$w2021-01-12$yBOO
=952  \\$00$10$2ddc$3vol. 3-4$40$6KTS_1_000000000000000_C1_34_07G02_02$70$8RAR$920651$aORPH$bORPH$cKTS1_C1$d2020-07-08$eKoopman$oKTS1 C1.34 07G02_02$p20134154$r2021-09-23 00:00:00$w2021-01-12$yBOO
=999  \\$d1727

