=LDR  01853aam a2200277   4500
=001  1728
=008  210927s1603\\\\\\\|||||\||||\00|\0\lat\d
=041  \\$alat
=100  \\$aGruterus, Janus$d1560-1627$4aut$1http://www.wikidata.org/entity/Q64263$95075
=245  \\$aNotæ Romanorum Veterum; Inscriptiones antiquæ totius orbis Romani in corpus absolutiss. redactæ
=246  \1$aNotae Romanorum Veterum; Inscriptiones antiquae totius orbis Romani in corpus absolutiss. redactae
=260  \\$aHeidelberg$bOfficina Commeliniana$c1603
=300  \\$a[vi]-cc+[419](from dcclxi-mclxxix)-[13]-xxvii-[205] pages
=500  \\$aJan(us) Gruter/Gruytère was a Flemish philologist who taught in Heidelberg and became the librarian of the Bibliotheca Palatina
=500  \\$aThe 'Inscriptiones' book starts from page dcclxi and continues in the second volume, 07G04
=590  \\$aquibus litera verbum facit, Tullii Tyronis Ciceronis Liberti et Annaei Senecæ
=610  \0$aBibliotheca Palatina (Heidelberg, Germany; Rome, Italy)$1http://www.wikidata.org/entity/Q684368$926719
=648  \0$a17th Century (1601-1700)$1http://www.wikidata.org/entity/Q7016$920923
=650  \0$aHistory$1http://www.wikidata.org/entity/Q309$921403
=650  \0$aEpigraphy$1http://www.wikidata.org/entity/Q181260$921976
=651  \0$aHeidelberg (Germany)$1http://www.wikidata.org/entity/Q2966$921984
=856  \\$uhttps://books.google.be/books?id=XpNXAAAAcAAJ$3Google Books
=942  \\$cBOO
=952  \\$00$10$2ddc$3vol. 1$40$6KTS_1_000000000000000_C1_34_07G03$70$8RAR$91728$aORPH$bORPH$cKTS1_C1$d2020-07-08$eKoopman$oKTS1 C1.34 07G03$p20137370$r2021-01-12 00:00:00$w2021-01-12$yBOO
=952  \\$00$10$2ddc$3vol. 2$40$6KTS_1_000000000000000_C1_34_07G04$70$8RAR$920656$aORPH$bORPH$cKTS1_C1$d2020-07-08$eKoopman$l0$oKTS1 C1.34 07G04$p20137369$r2021-09-27 00:00:00$w2021-01-12$yBOO
=999  \\$d1728

