=LDR  02987    a2200529   4500
=001  1731
=008  210923s1769\\\\\\\||le|\||||\00|\0\eng\d
=041  \\$aeng
=059  \\$aorg/hpd/pf
=100  \\$aHayes, Philip$d1738-1797$4cmp$1http://www.wikidata.org/entity/Q1450309$94967
=245  \\$aSix Concertos with Accompaniments, for the Organ, Harpsichord or Forte-Piano; to which is added a Harpischord Sonata
=260  \\$aLondon$bHayes$c1769
=300  \\$a[viii]-43 pages
=336  \\$aprinted
=500  \\$aKeyboard part only
=500  \\$aDr. Philip Hayes was the son of William, the Oxford Professor who advised Charles Burney on his doctorate
=500  \\$aDedicated to William Wykam, Esq. of Swalcliff [? = William Humphrey Wykeham (1734 - 1783)]
=648  \0$a18th Century (1701-1800)$1http://www.wikidata.org/entity/Q7015$920899
=650  \0$aConcerto$1http://www.wikidata.org/entity/Q9748$921817
=650  \0$aKeyboard instrument$1http://www.wikidata.org/entity/Q52954$92849
=650  \0$aFreedom$1http://www.wikidata.org/entity/Q310735$923033
=650  \0$aArticulation$1http://www.wikidata.org/entity/Q372923$922209
=651  \0$aUnited Kingdom$1http://www.wikidata.org/entity/Q21$9273
=653  \0$aboekoplage$3list of subscribers$020134157$w07G06$929699
=653  \0$aBoyce, W.$3list of subscribers i$020134157$w07G06$929866
=653  \0$aBremner, R.$3list of subscribers i$020134157$w07G06$929931
=653  \0$acadens$311, 19, 33$020134157$w07G06$930106
=653  \0$anotatieproblemen$315, 36, 37, 43$020134157$w07G06$935285
=653  \0$aorgel concerti$3concerto II, concerto V$020134157$w07G06$935472
=653  \0$aorgelregistratie$311, 32, 39$020134157$w07G06$935575
=653  \0$adynamiek$32, 25$020134157$w07G06$931346
=653  \0$asonate$342, 43$020134157$w07G06$936358
=653  \0$aStanley, J.$3list of subscribers i$020134157$w07G06$936511
=653  \0$aHayes, W.$3list of subscribers i$020134157$w07G06$932648
=653  \0$aklavecimbel_Engeland 18e eeuw$3list of subscribers ii$020134157$w07G06$933483
=653  \\$aAlcock, J.$3list of subscribers i$928576$020134157$w07G06
=653  \\$aArnold, S.$3list of subscribers i$928793$020134157$w07G06
=653  \\$aCook, B.$3list of subscribers i$930708$020134157$w07G06
=653  \\$aFelton$3list of subscribers i$931651$020134157$w07G06
=653  \\$aHitchcock, J.$3list of subscribers i$932801$020134157$w07G06
=653  \\$aNares, J.$3list of subscribers i$935150$020134157$w07G06
=653  \\$aRandall, J.$3list of subscribers i$938235$020134157$w07G06
=653  \\$aSaunders, T.$3list of subscribers i$938771$020134157$w07G06
=856  \\$uhttps://imslp.org/wiki/6_Keyboard_Concertos_and_a_Sonata_(Hayes%2C_Philip)$3International Music Score Library Project
=942  \\$cSCO
=952  \\$00$10$2ddc$40$6KTS_1_000000000000000_C1_34_07G06$70$8RAR$91731$aORPH$bORPH$cKTS1_C1$d2020-07-08$eKoopman$oKTS1 C1.34 07G06$p20134157$r2021-01-12 00:00:00$w2021-01-12$ySCO
=999  \\$d1731

