=LDR  01475acm a2200253   4500
=001  1736
=008  210924s1713\\\\|||||l||\||||\00|\0\fre\d
=041  \\$afre
=059  \\$ahpd
=100  \\$aCouperin, François$d1668-1733$4cmp$1http://www.wikidata.org/entity/Q50186$96241
=245  \\$aPièces de clavecin$ppremier livre
=250  \\$a1st ed.
=260  \\$aParis$bCouperin$bFoucault$c1713
=300  \\$a[iv]-79 pages
=500  \\$aCited in Koopman 1985, pages 8 and 69-71, and in Koopman 2016, 674 ("I own the first three books of François Couperin's harpsichord works, but not the fourth book and [not yet] L'art de toucher le clavecin.")
=500  \\$a"Pour pouvoir identifier les éditions avec précision, il faut consulter l’édition de Denis Herlin (Bärenreiter) ; vous pouvez aussi le contacter de ma part <denis.herlin@orange.fr>." (dixit Julien Dubruque, CMBV, 18 July 2023)
=648  \0$a18th Century (1701-1800)$1http://www.wikidata.org/entity/Q7015$920899
=650  \0$aKeyboard music$1http://www.wikidata.org/entity/Q105715630$921412
=650  \0$aHarpsichord$1http://www.wikidata.org/entity/Q81982$92125
=651  \0$1http://www.wikidata.org/entity/Q142$aFrance$9131
=856  \\$uhttps://gallica.bnf.fr/view3if/ga/ark:/12148/btv1b525017311$3IIIF
=942  \\$cSCO
=952  \\$00$10$2ddc$40$6KTS_1_000000000000000_C1_35_07H01$70$8RAR$91736$aORPH$bORPH$cKTS1_C1$d2020-07-08$eKoopman$oKTS1 C1.35 07H01$p20134162$r2021-01-12 00:00:00$w2021-01-12$ySCO
=999  \\$d1736

