=LDR  01517aca a2200253   4500
=001  1749
=008  210927s1790\\\\|||||a||\||||\00|\0\eng\d
=041  \\$aeng
=059  \\$aS A T B SATB ob bsn 2vn vc db org
=100  \\$aHandel, George Frideric$d1685-1759$4cmp$1http://www.wikidata.org/entity/Q7302$94765
=245  \\$aAnthem VII, My Song Shall be Alway$b[Chandos Anthem no. 7, HWV 252]
=260  \\$aLondon$bArnold$c1790
=300  \\$a47 pages
=336  \\$aprinted
=490  \\$aThe Works of G. F. Händel, Ed. in Score$vplate no. 78
=501  \\$aAnthem VIII, As Pants the Hart for Cooling Streams [Chandos Anthem no. 8, HWV 251b]
Anthem IX, The Lord is My Light [Chandos Anthem no. 9, HWV 255] 
Anthem X, In the Lord I Put My Trust [Chandos Anthem no. 2, HWV 247] 
Anthem XI, O Praise the Lord with One Consent [Chandos Anthem no. 11, HWV 254] 
Anthem XII, O Praise the Lord ye Angels [Chandos Anthem no. 12, HWV 257]
=590  \\$aAnthem, In Score, Composed at Cannons For his Grace the Duke of Chandos Between the Years 1718 & 1720
=648  \0$a18th Century (1701-1800)$1http://www.wikidata.org/entity/Q7015$920899
=650  \0$aAnthem$1http://www.wikidata.org/entity/Q541947$92161
=651  \0$aUnited Kingdom$1http://www.wikidata.org/entity/Q21$9273
=773  \\$020356 $tHändel Anthems 2$w20356 
=942  \\$cSCO
=952  \\$00$10$2ddc$40$6KTS_1_000000000000000_C1_35_07H12A$70$8RAR$91749$aORPH$bORPH$cKTS1_C1$d2020-07-08$eKoopman$i07H12a$oKTS1 C1.35 07H12a$r2021-01-12 00:00:00$w2021-01-12$ySCO
=999  \\$d1749

