=LDR  01349aca a2200229   4500
=001  1753
=008  210927s1790\\\\|||||a||\||||\00|\0\eng\d
=041  \\$aeng
=059  \\$aS 2T B SATB ob 2vn bc
=100  \\$aHandel, George Frideric$d1685-1759$4cmp$1http://www.wikidata.org/entity/Q7302$94765
=245  \\$aAnthem XI, O Praise the Lord with One Consent $b[Chandos Anthem no. 11, HWV 254]
=260  \\$aLondon$bArnold$c1790
=300  \\$a60 pages
=336  \\$aprinted
=490  \\$aThe Works of G. F. Händel, Ed. in Score$vplate no. 82-83
=501  \\$aAnthem VII, My Song Shall be Alway [Chandos Anthem no. 7, HWV 252] 
Anthem VIII, As Pants the Hart for Cooling Streams [Chandos Anthem no. 8, HWV 251b]
Anthem IX, The Lord is My Light [Chandos Anthem no. 9, HWV 255] 
Anthem X, In the Lord I Put My Trust [Chandos Anthem no. 2, HWV 247] 
Anthem XII, O Praise the Lord ye Angels [Chandos Anthem no. 12, HWV 257] 
=590  \\$aAnthem, In Score, Composed at Cannons For his Grace the Duke of Chandos Between the Years 1718 & 1720
=650  \0$aPoetry$1http://www.wikidata.org/entity/Q482$93026
=773  \\$020356 $tHändel Anthems 2$w20356 
=942  \\$cSCO
=952  \\$00$10$2ddc$40$6KTS_1_000000000000000_C1_35_07H12E$70$8RAR$91753$aORPH$bORPH$cKTS1_C1$d2020-07-08$eKoopman$i07H12e$oKTS1 C1.35 07H12e$r2021-01-12 00:00:00$w2021-01-12$ySCO
=999  \\$d1753

