=LDR  04496aac a2200325   4500
=001  1756
=005  20250923161049.0
=008  211008s1726\\\\\\\a||||\||||\00|\p\dut\d
=041  \\$adut
=100  \\$aCats, Jacob$d1577-1660$4aut$1http://www.wikidata.org/entity/Q46151$95081
=245  \\$aAlle de werken,$bWaar in het Twee-en-tachtig jaarig Leeven des Dichters; beneffens desselfs Slaapeloose Nachten, met Printverbeeldingen verrijkt
=250  \\$aDe laatste Druck
=260  \\$aThe Hague$aAmsterdam$bRatelband$bvan Heekeren$bUytwerf$bvan der Putte$bvan Thol$bHusson$c1726
=300  \\$a2 vols. in 1 ([xxvi]-666-[9]-[xxii]-608-68 pages)$bnumerous illustrations, engraved frontispiece, title pages in red and black ink$c41x27x9 cm$edried leaves of flowers and trees
=500  \\$aPortrait of Jacob Cast engraved by Michel Natalis (1610-1668) after Pieter Dubordieu (1608-after 1678) 
=500  \\$a'Alle de werken' consists for the most part of court poems, a genre popular in the Netherlands until the end of the eighteenth century, from which people could learn how to live simply and virtuously outside the city. The play 'Aspasia' was performed in Amsterdam in 1655 and even in Stockholm in 1667, where a Dutch Comedy was opened that year; at that time, Dutch was understood quite well in Swedish higher circles.
=500  \\$aThe work is profusely illustrated with the famous engravings of Swelinc, Hondius, Matham et al, mostly after Adriaan v.d. Venne: In volume one, an engraved title, full-page portrait of Cats by Natalis and 281 in-text engravings, some nearly full-page (on title pages of individual volumes), including "Child's Play", "Galathea", etc. . In volume two, an engraved title with a portrait of cats, a full-page portrait of Anna Maria Schuurmans, two additional full-page engraved titles (Old Age, Aspasia), three double-page engravings (pages 453, 490 & 526), a full-page engraving, and 145 additional in-text engravings, of various sizes (the last 12 of which, by Jan Goeree, are apparently new to this edition). The two printed title pages in red and black each have a large (repeated) vignette by Goeree 
=505  \\$gVol. 1: [Preliminary matter] -- Sinne- en Minne-beelden -- Emblemata Moralia & Oeconomica -- Self-stryt -- Tooneel der Mannelyke achtbaerheyt -- Houwelick, dat is, het gansche beleyt des Echten-staets -- Wegwyser ten Houwelyk uit den Doolhof der Kalverliefde; tweede deel. Vryster -- Houwelyks derde deel; zynde 't eerste Deel van 't Christelyck Huys-Wijf -- Houwelyks vierde deel, Vrouwe, wesende het tweede Deel van 't Christelijck Huys-Wijf -- Houwelyks vyfde Deel; Moeder, wesende 't derde Deel van het Christelijck Huys-Wijf -- Houwelijkcs sesde Deel; Weduwe, wesende 't vierde Deel van het Christelijck Huis-Wijf -- Galathea, of Herders Minneklagt -- Klagende Maegden -- Spiegel van den Ouden en Nieuwen Tijdt -- Spiegel vanden Voorleden en Teegenwoordigen tijdt Tweede Deel -- Spiegel van den Voorleden en Tegenwoordigen Tijt. Derde Deel -- [Indices to works]$gVol. 2: [Preliminary matter] -- 's Weerelds begin, midden en eynde, besloten in den Trouringh -- Proef-steen van den Trouringh, Tweede Deel -- Proef-steen van den Trou-ringh, Derde Deel -- Ouderdom en Buyten-leven. Eerste Deel -- Ouderdom en Buiten-leven. Tweede Deel -- Ouderdom en Buyten-leven. Derde Deel -- Hof-gedachten -- Invallende Gedachten op voorvallende Gelegentheden -- Aspasia -- Afbeeldinge van het Huwelick... onder de gedaante van een Fuyck -- Dood-kiste voor den levendigen -- Tachtig-jarige Bedenckingen -- Gedachten op slapeloose Nachten -- Het twee en tachtig-jarig Leven, van den Heere J. Cats
=563  \\$aBinding in gold-stamped leather with fixed longitudinal tear on back & front
=648  \0$a17th Century (1601-1700)$1http://www.wikidata.org/entity/Q7016$920923
=648  \0$a18th Century (1701-1800)$1http://www.wikidata.org/entity/Q7015$920899
=650  \0$aPoetry$1http://www.wikidata.org/entity/Q482$93026
=650  \0$aPlay (theater)$1http://www.wikidata.org/entity/Q25379$921414
=650  \0$aPoet$1http://www.wikidata.org/entity/Q49757$92954
=650  \0$aBiography$1http://www.wikidata.org/entity/Q36279$91927
=651  \0$aNetherlands$1http://www.wikidata.org/entity/Q55$9173
=942  \\$cBOO
=952  \\$00$10$2ddc$40$6KTS_1_000000000000000_C1_39_07H14$70$8RAR$91756$aORPH$bORPH$cKTS1_C1$d2020-07-08$eKoopman$oKTS1 C1.39 07H14$p20134222$r2021-01-12 00:00:00$w2021-01-12$yBOO
=999  \\$d1756
=533  \\$aDigitized by iGuana, Spring 2025.

