=LDR  02823    a2200361   4500
=001  1757
=008  211012s1781\\\\\\\f||||\||||\00|\0\fre\d
=041  \\$afre
=245  \\$aAntiquités
=260  \\$aParis; Augsburg$bHertel$c1781
=300  \\$a[48 pages]
=336  \\$abook
=336  \\$aprinted
=500  \\$aArchitectural ornaments, design for mirrors, mantelpieces, pedestals, vases, cabinets etc.


=500  \\$aCollection of plates from various publications, many by publisher-engraver Johann Georg Hertel from Augsburg in the late 18th century.
=505  \\$aIII. Cahier Desseins des Trumeaux, (series E from “Desseins de la Mode neuve au Gout antique pour les Architects en general et specialement pour servir a diverse Artisans.”) by J.F. Hauer: 4 plates / mantelpieces sold "chez Poilly, Paris": 5 plates / Churchdecorations: I.G. Hertel (engr) & I.W. (inv): plate 1-4 / design wave cabinet by I.G. König (inv) & Ioh.G. Hertel (engr): plate 1,3,4 / C.A. Grossmann (inv)" Neueste Schreiner Arbeit" 1776: frontispiece, plate 1 & 4 / E.Eichel (inv) - I.G. Hertel (engr): plate 1-4 / F. Bo (inv) - Cherau (engr) & Berthault (engr) : plate F 1-4 / Pelletier (engr) & Boucher fils (inv)121-123, 125 / J.J.Haid: plate nr 1-4, 14-16, 21-24 / J.G. Hertel (engrav) & Delafosse (inv): plate nr 1-4 (Mantelpiece ornaments, published in Augsburg)
=648  \0$a18th Century (1701-1800)$1http://www.wikidata.org/entity/Q7015$920899
=650  \0$aArchitecture$1http://www.wikidata.org/entity/Q12271$93185
=650  \0$aApplied arts$1http://www.wikidata.org/entity/Q2865882$921627
=651  \0$aParis (France)$1http://www.wikidata.org/entity/Q90$9160
=651  \0$aAugsburg (Germany)$1http://www.wikidata.org/entity/Q2749$921699
=700  \\$4egr$4dsr$aHauer, Johann Thomas$d1748-1820$1http://www.wikidata.org/entity/Q26247973$96245
=700  \\$4dsr$4egr$aHaid, Johann Jakob $d1704-1767$1http://www.wikidata.org/entity/Q1694808$922469
=700  \\$4dsr$aDelafosse, Jean Charles $d1734-1789$1http://www.wikidata.org/entity/Q3171243$922471
=700  \\$4egr$4edt$aHertel, Johann Georg$d1700-1775$1http://www.wikidata.org/entity/Q106095265$922472
=700  \\$4dsr$aFrançois Boucher$d1703-1770$1http://www.wikidata.org/entity/Q180932$922473
=700  \\$4egr$aPelletier, Jean C. $d1736-1780$1http://www.wikidata.org/entity/Q43624413$922475
=700  \\$4egr$aEichel, Emanuel$d1717-1782$1http://www.wikidata.org/entity/Q52154215$922476
=700  \\$4dsr$aGrossmann, Carl August $d1741-1798 $1http://www.wikidata.org/entity/Q28924457$922477
=700  \\$4dsr$aKönig, I. G. $d1705-1775$922478
=942  \\$cBOO
=952  \\$00$10$2ddc$40$6KTS_1_000000000000000_C1_39_07H15$70$8RAR$91757$aORPH$bORPH$cKTS1_C1$d2020-07-08$eKoopman$i07H15$oKTS1 C1.39 07H15$p20134227$r2021-01-12 00:00:00$w2021-01-12$yBOO
=999  \\$d1757

