=LDR  01454    a2200265   4500
=001  1758
=008  211008s1686\\\\\\\|||||\e|||\00|\0\eng\d
=041  \\$aeng
=100  \\$aBlome, Richard$d1635-1705$4edt$1http://www.wikidata.org/entity/Q1249015$96246
=245  \\$aMusick
=260  \\$aLondon$bBlome$c1686
=300  \\$a[6] pages$bPlate
=336  \\$abook
=336  \\$aprinted
=500  \\$aArticle from' The Gentlemans Recreation in Two Parts. The first being an Encyclopedy of the Arts and Sciences. The Second Part treats of Horsmanship, Hawking, Hunting, Fowling etc.'
=500  \\$acontains a nice plate and pages 189-192 of the original Encyclopedia
=648  \0$a17th Century (1601-1700)$1http://www.wikidata.org/entity/Q7016$920923
=650  \0$aMusic theory$1http://www.wikidata.org/entity/Q193544$92662
=650  \0$aEncyclopedia$1http://www.wikidata.org/entity/Q5292$92184
=651  \0$aUnited Kingdom$1http://www.wikidata.org/entity/Q21$9273
=856  \\$uhttps://quod.lib.umich.edu/e/eebo/A28396.0001.001?view=toc$3University of Michigan Library
=942  \\$cBOO
=952  \\$00$10$2ddc$40$6KTS_1_000000000000000_C1_39_07H16$70$8RAR$91758$aORPH$bORPH$cKTS1_C1$d2020-07-08$eKoopman$i07H16$oKTS1 C1.39 07H16$r2021-01-12 00:00:00$w2021-01-12$yBOO
=952  \\$00$10$2ddc$40$6KTS_1_000000000000000_C1_39_07H16$70$8RAR$923861$aORPH$bORPH$cKTS1_C1$d2020-07-08$eKoopman$i07H16$l0$oKTS1 C1.39 07H16$r2021-01-12 00:00:00$w2021-01-12$yBOO
=999  \\$d1758

