=LDR  01398    a2200277   4500
=001  1760
=005  20251031154412.0
=008  211008s1872\\\\|||a||||\||||\r0|\c|dut\d
=041  \\$adut
=100  \\$aLeemans, Conrad$d1809-1893$4aut$1http://www.wikidata.org/entity/Q5943756$96247
=245  \\$aBathmensche muurschilderingen
=260  \\$aAmsterdam$bPost, van der$c1872
=300  \\$a11 Plates$bLoose A3 format folded plates
=336  \\$abook
=336  \\$aprinted
=490  \\$aVerhandelingen der Koninklijke Akademie van Wetenschappen, Afdeeling Letterkunde$v7
=500  \\$aIncomplete. Only the folder with 11 plates, publication itself is missing
=500  \\$aBetween 1860 and 1872 Leemans wrote various articles and reports concerning the Church of Bathmen (Deventer, Netherlands)
=504  \\$afile:///C:/Users/libra/AppData/Local/Temp/jaarboek_monumentenzorg1996-1.pdf
=648  \0$a19th Century (1801-1900)$1http://www.wikidata.org/entity/Q6955$920935
=650  \0$aFine art$1http://www.wikidata.org/entity/Q219625$921579
=650  \0$aHistory$1http://www.wikidata.org/entity/Q309$921403
=651  \0$aDeventer (Netherlands)$1http://www.wikidata.org/entity/Q10001$9105
=942  \\$cEPH
=952  \\$00$10$2ddc$40$6KTS_1_000000000000000_C1_39_07H18$70$8RAR$91760$aORPH$bORPH$cKTS1_C1$d2020-07-08$eKoopman$i07H18$oKTS1 C1.39 07H18$p20134223$r2021-01-12 00:00:00$w2021-01-12$yEPH
=999  \\$d1760

