=LDR  01242aca a2200265   4500
=001  1765
=008  211012s1789\\\\\\\||a||\||||\00|\0\ita\d
=041  \\$aita
=059  \\$aS MS 3A T B 2ob bsn 2hrn 2tbn 4vn vla vc theorbo bc
=100  \\$aHandel, George Frideric$d1685-1759$4cmp$1http://www.wikidata.org/entity/Q7302$94765
=245  \\$aSosarme. Opera in tre atti [HWV 30]
=260  \\$aLondon [?]$bs.n.$c1789
=300  \\$a116 pages
=336  \\$aprinted
=490  \\$aThe Works of G. F. Händel, Ed. in Score$vplate nos. 20-23
=500  \\$aSosarme premiered in 1732
=610  \0$aKing's Theatre (London, United Kingdom)$1http://www.wikidata.org/entity/Q1155331$91409
=648  \0$a18th Century (1701-1800)$1http://www.wikidata.org/entity/Q7015$920899
=650  \0$aOpera$1http://www.wikidata.org/entity/Q1344$92468
=651  \0$aLondon (United Kingdom)$1http://www.wikidata.org/entity/Q84$9123
=700  \\$4lbt$aSalvi, Antonio$d1664-1724$1http://www.wikidata.org/entity/Q604920$96251
=700  \\$4lbt$aAnonymous$94790
=942  \\$cSCO
=952  \\$00$10$2ddc$40$6KTS_1_000000000000000_C1_39_07H23$70$8RAR$91765$aORPH$bORPH$cKTS1_C1$d2020-07-08$eKoopman$i07H23$oKTS1 C1.39 07H23$p20134231$r2021-01-12 00:00:00$w2021-01-12$ySCO
=999  \\$d1765

