=LDR  01584aca a2200289   4500
=001  1766
=008  211014s1840\\\\|||||h||\||||\00|\0\eng\d
=041  \\$aeng
=059  \\$aSSAATTBB
=100  \\$aWilbye, John$d1574-1638$4cmp$1http://www.wikidata.org/entity/Q682089$96252
=245  \\$aThe First Set of Madrigals for 3, 4, 5, and 6 Voices$bFrom the original part books A.D. 1598
=260  \\$aLondon$bMusical Antiquarian Society$c1840
=300  \\$a[x]-131 pages
=336  \\$aprinted
=500  \\$aPossibly not 1st ed.
=500  \\$aJohn Wilbye (1574-1638) is considered one of the greatest British madrigalists
=534  \\$aThe first set of madrigals$cLondon: Thomas Este, 1598$ohttps://imslp.org/wiki/The_First_Set_of_English_Madrigals_(Wilbye%2C_John)
=648  \0$a16th Century (1501-1600)$1http://www.wikidata.org/entity/Q7017$920944
=648  \0$a19th Century (1801-1900)$1http://www.wikidata.org/entity/Q6955$920935
=650  \0$aVocal music$1http://www.wikidata.org/entity/Q685884$93319
=650  \0$aMadrigal$1http://www.wikidata.org/entity/Q193217$921649
=651  \0$aUnited Kingdom$1http://www.wikidata.org/entity/Q21$9273
=700  \\$4edt$aTurle, James$d1802-1882$1http://www.wikidata.org/entity/Q6144471$96253
=856  \\$uhttps://imslp.org/wiki/The_First_Set_of_English_Madrigals_(Wilbye%2C_John)$3International Music Score Library Project
=942  \\$cSCO
=952  \\$00$10$2ddc$40$6KTS_1_000000000000000_C1_39_07H24A$70$8RAR$91766$aORPH$bORPH$cKTS1_C1$d2020-07-08$eKoopman$i07H24a$oKTS1 C1.39 07H24a$p20134234$r2021-01-12 00:00:00$w2021-01-12$ySCO
=999  \\$d1766

