=LDR  02199aca a2200277   4500
=001  1769
=008  211014s1795\\\\|||||a||\||||\00|\0\eng\d
=041  \\$aeng
=059  \\$aSS MEZ T B 4S2ATB fl  2ob 2 bn 2hn 2 trp timp 2vn vla vc bc
=100  \\$aHandel, George Frideric$d1685-1759$4cmp$1http://www.wikidata.org/entity/Q7302$94765
=245  \\$aThe Triumph of Time and Truth, $ban Oratorio in Score Composed in the Year 1751 [HWV 71]
=260  \\$aLondon$bArnold$c1795
=300  \\$a199 pages
=336  \\$aprinted
=490  \\$aThe Works of G. F. Händel, Ed. in Score$vplate nos. 165-169
=500  \\$aIn March 1757, possibly without much involvement from the blind and aging Handel, the original italian oratorio was further expanded and revised, and the libretto reworked into English. Although Jephtha (1751) is considered the composer’s true last oratorio, this third version of Il trionfo comes later. 
=500  \\$aThe compilation of the text is attributed to Thomas Morell, the librettist of most of the late Handel oratorios. In the translation, however, he was able to draw on the English translation of Il trionfo del Tempo e della Verità by George Oldmixon, published in 1737. The introduction of a new character, Deceit, can be traced back to him. 
=500  \\$aThe performance was conducted - as with other concerts of Handel's works in this phase - by his assistant John Christopher Smith. It is not known what role Smith otherwise played in this composition. He probably modified the score according to Handel's oral instructions.
=648  \0$a18th Century (1701-1800)$1http://www.wikidata.org/entity/Q7015$920899
=650  \0$aOratorio$1http://www.wikidata.org/entity/Q85477$91825
=651  \0$aUnited Kingdom$1http://www.wikidata.org/entity/Q21$9273
=700  \\$4trl$4lbt$aMorell, Thomas$d1703-1784$1http://www.wikidata.org/entity/Q1526959$96037
=700  \\$4lbt$aPamphili, Benedetto$d1653-1730$cCardinal$1http://www.wikidata.org/entity/Q777310$96256
=942  \\$cSCO
=952  \\$00$10$2ddc$40$6KTS_1_000000000000000_C1_39_07H26$70$8RAR$91769$aORPH$bORPH$cKTS1_C1$d2020-07-08$eKoopman$i07H26$oKTS1 C1.39 07H26$p20134232$r2021-01-12 00:00:00$w2021-01-12$ySCO
=999  \\$d1769

