=LDR  01100aam a2200241   4500
=001  1772
=008  230323b\\\\\\\\|||a||||\||||\00|\h\dut\d
=041  \\$adut
=100  \\$aKlikspaan$d1814-1885$cJohannes Kneppelhout$4aut$1http://www.wikidata.org/entity/Q353376$96259
=245  \\$aStudenten-typen.$bDecember 1839-Mei 1841
=250  \\$a3rd ed.
=260  \\$aLeiden$bSijthoff$cs.d.
=300  \\$a[xxii]-212-[1] pages$bcontains 8 plates, in cardboard case
=500  \\$aDescriptions of bohémien lifestyle
=534  \\$aFirst published in 1841
=561  \\$aEx libris Hendrik Klijn (stamp)
=648  \0$a19th Century (1801-1900)$1http://www.wikidata.org/entity/Q6955$920935
=650  \0$aSatire$1http://www.wikidata.org/entity/Q128758$921636
=651  \0$aLeiden (Netherlands)$1http://www.wikidata.org/entity/Q43631$978
=856  \\$uhttps://books.google.be/books?id=id1WAAAAcAAJ$3(1st ed.)
=942  \\$cBOO
=952  \\$00$10$2ddc$40$6KTS_1_000000000000000_C3_01_08A01$70$8RAR$91772$aORPH$bORPH$cKTS1_C3$d2020-07-08$eKoopman$l0$oKTS1 C3.01 08A01$p20140304$r2021-01-12 00:00:00$w2021-01-12$yBOO
=999  \\$d1772

