=LDR  01472aam a2200277   4500
=001  1773
=008  230323s1892\\\\|||a||||\||||\00|\f\dut\d
=041  \\$adut
=100  \\$aEeden, Frederik van$d1860-1932$4aut$1http://www.wikidata.org/entity/Q211514$94949
=245  \\$aDe kleine Johannes
=260  \\$aThe Hague$bMouton$c1892
=300  \\$a[ii]-192-[1] pages$bcontains an etching on thick paper, cover embossed and with gilt lettering decorations, in a cardboard case
=500  \\$aOriginally published in 1887, see 10G07
=500  \\$aThis is part one. "De Kleine Johannes" is a symbolic, coming-of-age fairy tale. 
=500  \\$aManuscript note on flyleaf: "Ter herinnering aan Den Heer D.J. Fikkert. Overleden 20 December 1919"
=561  \\$aEx libris Fikkert (?) see note
=590  \\$aMet een Ets van Jan Deth
=648  \0$a19th Century (1801-1900)$1http://www.wikidata.org/entity/Q6955$920935
=650  \0$aNovel$1http://www.wikidata.org/entity/Q8261$921629
=650  \0$aFairy tale$1http://www.wikidata.org/entity/Q699$94594
=651  \0$aNetherlands$1http://www.wikidata.org/entity/Q55$9173
=700  \\$4ill$96261$aDeth, Jan
=856  \\$uhttps://www.dbnl.org/titels/titel.php?id=eede003klei02$3Digital Library for Dutch Literature (DBNL)
=942  \\$cBOO
=952  \\$00$10$2ddc$40$6KTS_1_000000000000000_C3_01_08A02$70$8RAR$91773$aORPH$bORPH$cKTS1_C3$d2020-07-08$eKoopman$i08A02$l0$oKTS1 C3.01 08A02$p20140305$r2021-01-12 00:00:00$w2021-01-12$yBOO
=999  \\$d1773

