=LDR  00939aam a2200205   4500
=001  1775
=008  230327s1889\\\\||||||||\||||\00|\p\dut\d
=041  \\$adut
=100  1\$aVerwey, Albert$d1865-1937$4aut$1http://www.wikidata.org/entity/Q586323$96262
=245  \\$aVerzamelde gedichten
=260  \\$aAmsterdam$bVersluys$c1889
=300  \\$a348 pages
=500  \\$aAlbert Verwey (1865-1937) belongs to the Tachtigers
=648  \0$a19th Century (1801-1900)$1http://www.wikidata.org/entity/Q6955$920935
=650  \0$aPoetry$1http://www.wikidata.org/entity/Q482$93026
=651  \0$aNetherlands$1http://www.wikidata.org/entity/Q55$9173
=856  \\$uhttps://www.dbnl.org/tekst/verw008verz01_01/$3Digital Library for Dutch Literature (DBNL)
=942  \\$cBOO
=952  \\$00$10$2ddc$40$6KTS_1_000000000000000_C3_01_08A04$70$8RAR$91775$aORPH$bORPH$cKTS1_C3$d2020-07-08$eKoopman$l0$oKTS1 C3.01 08A04$p20140316$r2021-01-12 00:00:00$w2021-01-12$yBOO
=999  \\$d1775

