=LDR  01041aam a2200241   4500
=001  1776
=005  20250925143255.0
=008  230327s1916\\\\||||||||\||||\00|\p\dut\d
=041  \\$adut
=100  1\$aVerwey, Albert$d1865-1937$4aut$1http://www.wikidata.org/entity/Q586323$96262
=245  \\$aHet zwaardjaar
=250  \\$a1st ed.
=260  \\$aAmsterdam$bVersluys$c1916
=300  \\$a121-[5] pages
=500  \\$aAlbert Verwey (1865-1937) belongs to the Tachtigers
=561  \\$aEx libris Plasschaert (manuscript)
=648  \0$a20th Century (1901-2000)$1http://www.wikidata.org/entity/Q6927$920936
=650  \0$aPoetry$1http://www.wikidata.org/entity/Q482$93026
=651  \0$aNetherlands$1http://www.wikidata.org/entity/Q55$9173
=856  \\$uhttps://www.dbnl.org/tekst/verw008zwaa01_01/$3Digital Library for Dutch Literature (DBNL)
=942  \\$cBOO
=952  \\$00$10$2ddc$40$6KTS_1_000000000000000_C3_01_08A05$70$8RAR$91776$aORPH$bORPH$cKTS1_C3$d2020-07-08$eKoopman$l0$oKTS1 C3.01 08A05$p20140315$r2021-01-12 00:00:00$w2021-01-12$yBOO
=999  \\$d1776

