=LDR  01158aam a2200241   4500
=001  1777
=005  20250925143255.0
=008  230327s1922\\\\||||||||\||||\00|\f\dut\d
=041  \\$adut
=100  \\$aCouperus, Louis$d1863-1923$4aut$1http://www.wikidata.org/entity/Q437798$96263
=245  \\$aHet zwevende schaakbord
=250  \\$a1st ed.
=260  \\$aAmsterdam$bMaatschappij voor Goede en Goedkoope Lectuur$c1922
=300  \\$axii-259 pages$bembossed linen cover
=490  \\$aNederlandse Bibliotheek onder leiding van L. Simons
=500  \\$aelaboration of the Middle-Dutch Arthur novel Walewein en het zwevende schaakspel (13th century)
=648  \0$a20th Century (1901-2000)$1http://www.wikidata.org/entity/Q6927$920936
=650  \0$aNovel$1http://www.wikidata.org/entity/Q8261$921629
=651  \0$aNetherlands$1http://www.wikidata.org/entity/Q55$9173
=856  \\$uhttps://www.gutenberg.org/files/14850/14850-h/14850-h.htm$3Project Gutenberg
=942  \\$cBOO
=952  \\$00$10$2ddc$40$6KTS_1_000000000000000_C3_01_08A06$70$8RAR$91777$aORPH$bORPH$cKTS1_C3$d2020-07-08$eKoopman$l0$oKTS1 C3.01 08A06$p20140314$r2021-01-12 00:00:00$w2021-01-12$yBOO
=999  \\$d1777

