=LDR  01076aam a2200217   4500
=001  1778
=008  230328s1895\\\\||||||||\||||\00|\d\dut\d
=041  \\$adut
=100  1\$aVerwey, Albert$d1865-1937$4aut$1http://www.wikidata.org/entity/Q586323$96262
=245  \\$aJohan van Oldenbarnevelt.$bTreurspel
=250  \\$a1st ed.
=260  \\$aAmsterdam$bScheltema & Holkema's Boekhandel$c1895
=300  \\$a84 pages
=500  \\$aJohan van Oldenbarnevelt (1547-1619) was 'raadpensionaris' of the Estates of Holland during the Eight Years' War and was eventually beheaded for treason
=500  \\$aAlbert Verwey (1865-1937) belongs to the Tachtigers
=648  \0$a19th Century (1801-1900)$1http://www.wikidata.org/entity/Q6955$920935
=650  \0$aPlay (theater)$1http://www.wikidata.org/entity/Q25379$921414
=651  \0$aNetherlands$1http://www.wikidata.org/entity/Q55$9173
=942  \\$cBOO
=952  \\$00$10$2ddc$40$6KTS_1_000000000000000_C3_01_08A07$70$8RAR$91778$aORPH$bORPH$cKTS1_C3$d2020-07-08$eKoopman$l0$oKTS1 C3.01 08A07$p20140313$r2021-01-12 00:00:00$w2021-01-12$yBOO
=999  \\$d1778

