=LDR  01016    a2200205   4500
=001  1779
=005  20251001162312.0
=008  210430s1811\\\\\\\|||||\||||\00|\0\ger\d
=041  \\$ager
=100  \\$aBöcklin von Böcklinsau, Franz Friedrich Siegmund August$d1745-1813$4aut$1http://www.wikidata.org/entity/Q59535732$96264
=245  \\$aFragmente zur höhern Musik, und für ästhetische Tonliebhaber
=260  \\$aFreiburg$aKonstanz$bHerder$c1811
=300  \\$a83 pages
=648  \0$a19th Century (1801-1900)$1http://www.wikidata.org/entity/Q6955$920935
=650  \0$aMusic philosophy and aesthetics$1http://www.wikidata.org/entity/Q2092865$921165
=651  \0$aGermany$1http://www.wikidata.org/entity/Q183$9155
=856  4\$uhttps://freidok.uni-freiburg.de/fedora/objects/freidok:839/datastreams/FILE1/content
=942  \\$cBOO
=952  \\$00$10$2ddc$40$6KTS_1_000000000000000_C3_01_08A08$70$8RAR$91779$aORPH$bORPH$cKTS1_C3$d2020-07-08$eKoopman$l0$oKTS1 C3.01 08A08$p20140311$r2021-01-12 00:00:00$w2021-01-12$yBOO
=999  \\$d1779

