=LDR  01427aam a2200241   4500
=001  1780
=008  210527s1848\\\\\\\af|||\||||\00|\0\dut\d
=041  \\$adut
=100  \\$aEbbinge Wubben, F. A.$4aut$96267
=245  \\$aOverijsselsche almanak voor oudheid en letteren$nvol. 13
=260  \\$aDeventer$bde Lange$c1848
=300  \\$a[xxx]-308 pages$b4 plates and 1 folded sheets inserted
=500  \\$aThis almanac ran from 1836 onwards and contains various essays on historical topics
=648  \0$a19th Century (1801-1900)$1http://www.wikidata.org/entity/Q6955$920935
=650  \0$aAlmanac$1http://www.wikidata.org/entity/Q171341$921366
=650  \0$aAlmanac$1http://www.wikidata.org/entity/Q171341$921366
=651  \0$aDeventer (Netherlands)$1http://www.wikidata.org/entity/Q10001$9105
=856  \\$uhttps://books.google.be/books?id=n3M6AAAAcAAJ$3Google Books
=942  \\$cBOO
=952  \\$00$10$2ddc$40$6KTS_1_000000000000000_C3_01_08A09$70$8RAR$91780$aORPH$bORPH$cKTS1_C3$d2020-07-08$eKoopman$l0$oKTS1 C3.01 08A09$r2021-01-12 00:00:00$w2021-01-12$yBOO
=952  \\$00$10$2ddc$40$6KTS_1_000000000000000_C3_01_08A09$70$8RAR$922589$aORPH$bORPH$cKTS1_C3$d2020-07-08$eKoopman$l0$oKTS1 C3.01 08A09$p20140312$r2021-01-12 00:00:00$w2021-01-12$yBOO
=952  \\$00$10$2ddc$40$6KTS_1_000000000000000_C3_01_08A09$70$8RAR$923862$aORPH$bORPH$cKTS1_C3$d2020-07-08$eKoopman$l0$oKTS1 C3.01 08A09$r2021-01-12 00:00:00$w2021-01-12$yBOO
=999  \\$d1780

