=LDR  01608aam a2200205   4500
=001  1781
=008  230327s1689\\\\||||||||\||||\00|\0\dut\d
=041  \\$adut
=100  \\$aWalten, Eric$4aut$96268
=245  \\$aPortrait van Jacobus Koelman
=260  \\$aThe Hague$bUitwerf$c1689
=300  \\$a32 pages
=590  \\$aHem vertonende in sijn tegenwoordige Rasernie en Doodstuipen, veroorsaakt door sijn verlegentheid en onmagt, om sijn beuselingen en ongesonde stellingen tegen het Regt der Overheden in Kerkelijke Saken staande te houden. Zynde een waaragtig verhaal van desselfs geveinsdheid als mede van sijn quade stukken, en manieren van doen omtrent sijn Naasten waar in sijn Laster- en Leugen-Geest na 't leven word afgebeeld, en getoond, hoe valsch en trouwlooslijk hy heeft gehandeld in sijn Lasterschrift, genaamd Ericus Walten, quinsuis Apologist voor haar Hoogmog. de Heeren Staten Generaal, en haar Ed. Grootmog. de Heeren Staten van Holland en West-Vriesland, &c. en hoe valschelijk hy den gemelden Ericus Walten daar in beschuldigd, en desselfs woorden verdraayd.
=600  10$aKoelman, Jacobus$d1631-1695$1http://www.wikidata.org/entity/Q2410423$925939
=648  \0$a17th Century (1601-1700)$1http://www.wikidata.org/entity/Q7016$920923
=650  \0$aCrescendo$1http://www.wikidata.org/entity/Q2347888$922787
=651  \0$aThe Hague (Netherlands)$1http://www.wikidata.org/entity/Q36600$910
=942  \\$cBOO
=952  \\$00$10$2ddc$40$6KTS_1_000000000000000_C3_01_08A10$70$8RAR$91781$aORPH$bORPH$cKTS1_C3$d2020-07-08$eKoopman$l0$oKTS1 C3.01 08A10$p20140310$r2021-01-12 00:00:00$w2021-01-12$yBOO
=999  \\$d1781

