=LDR  01355aam a2200277   4500
=001  1782
=003  OI
=005  20250605143547.0
=008  210226s1677\\\\be\|||||\||||\00|\0\eng\d
=040  \\$aBF
=041  \\$adut
=100  \\$aKrüger, Simon Jodocus$4aut$1http://www.wikidata.org/entity/Q94930450$96269
=245  \\$aDe Kroone van het Hooft der Kerken van Utrecht Af-Gevallen
=260  \\$aUtrecht$bClerck$c1677
=300  \\$a16 pages
=563  \\$aModern binding
=590  \\$adoor het droevig, doch salig af-sterven van den seer eerwardigen, godsaligen yverigen van God geleerden D. Jodocus van Lodenstein ... In een predicatie voorgestelt uyt Klaegl 5: v.16
=600  \0$aLodensteyn, Jodocus van$d1620-1677$1http://www.wikidata.org/entity/Q2487552$95497
=648  \0$a17th Century (1601-1700)$1http://www.wikidata.org/entity/Q7016$920923
=650  \0$aProtestantism$1http://www.wikidata.org/entity/Q23540$921012
=650  \0$aEulogy$1http://www.wikidata.org/entity/Q249697$923846
=651  \0$aUtrecht (Netherlands)$1http://www.wikidata.org/entity/Q803$9141
=856  \\$uhttps://books.google.be/books?id=dYROAAAAcAAJ$3Google Books
=942  \\$cBOO
=952  \\$00$10$2ddc$40$6KTS_1_000000000000000_C3_01_08A11$70$8RAR$91782$aORPH$bORPH$cKTS1_C3$d2020-07-08$eKoopman$l0$oKTS1 C3.01 08A11$p20140309$r2021-01-12 00:00:00$w2021-01-12$yBOO
=999  \\$d1782

