=LDR  01936aam a2200265   4500
=001  1783
=003  OI
=005  20250812102507.0
=008  210226s1628\\\\be\|||||\||||\00|\0\eng\d
=040  \\$aBF
=041  \\$adut
=100  \\$aVoet, Gisbertus$d1589-1676$4aut$1http://www.wikidata.org/entity/Q983347$95094
=245  \\$aProeve vande cracht der godtsalicheyt; Eene meditatie van de oprechte practijcke der goede wercken
=260  \\$aAmsterdam$bHendriksz$c1628
=300  \\$a260-40 pages
=500  \\$aGisbertus Voetius (1589-1676), a rector and professor at the University of Utrecht, was the most influential voice of the Nadere Reformatie, a Pietist group that objected against all things wordly in Dutch society. He was a notorious opponent of René Descartes when the latter resided in Utrecht.
=561  \\$aEx libris "G. H. Kersten. Predikant, Ierseke." (stamp)
=590  \\$amet Goet ende Christelick bescheyt op seker Laster-schrift, hier neffens gaende, by den Remonstranten hier te lande int Nederduytsch gestroyt onder desen Titul: De Leere der Synoden van Dordrecht ende Alez, ghestelt op de proeve van de practijcke ofte ghebruyck, etc door den vermaarden Daniel Tilenus etc. Tot verdediginge van de Leere der Waerheyt, ende ontdeckinge van de Kracht der Godtsalicheyt aende ontruste conscientien ingestelt. Mitsgaders eene Meditatie van de oprechte Practijcke der goede wercken uyt Iacobi 2 vers 12.
=648  \0$a17th Century (1601-1700)$1http://www.wikidata.org/entity/Q7016$920923
=650  \0$aPietism$1http://www.wikidata.org/entity/Q193664$923132
=651  \0$aUtrecht (Netherlands)$1http://www.wikidata.org/entity/Q803$9141
=856  \\$uhttps://books.google.be/books?id=L9cjyh4zpxgC$3Google Books
=942  \\$cBOO
=952  \\$00$10$2ddc$40$6KTS_1_000000000000000_C3_01_08A12$70$8RAR$91783$aORPH$bORPH$cKTS1_C3$d2020-07-08$eKoopman$l0$oKTS1 C3.01 08A12$p20140308$r2021-01-12 00:00:00$w2021-01-12$yBOO
=999  \\$d1783

