=LDR  01177aam a2200253   4500
=001  1784
=008  230327q1650\\\\|||af|||\||||\00|\0\fre\d
=041  \\$afre
=245  \\$aLe Tableau de la croix representé dans les cérémonies de la Ste Messe
=260  \\$aParis$bChiquet$c165x
=300  \\$a96 pages
=500  \\$acontains 77 plates and numerous further vignettes depicting the major events in the Old and New Testament
=500  \\$amissing the 2 last pages
=534  \\$aOrginally published in 1651 by F. Mazot in Paris
=561  \\$aEx libris Mavillier (manuscript)
=648  \0$a17th Century (1601-1700)$1http://www.wikidata.org/entity/Q7016$920923
=650  \0$aCatholicism$1http://www.wikidata.org/entity/Q1841$921631
=650  \0$aBible$1http://www.wikidata.org/entity/Q1845$921581
=650  \0$aFine art$1http://www.wikidata.org/entity/Q219625$921579
=700  \\$4egr$925937$aCollin, Jean
=700  \\$4egr$ade Gheyn, Guilliam$d1610-after 1650$925938
=942  \\$cBOO
=952  \\$00$10$2ddc$40$6KTS_1_000000000000000_C3_01_08A13$70$8RAR$91784$aORPH$bORPH$cKTS1_C3$d2020-07-08$eKoopman$l0$oKTS1 C3.01 08A13$p20140307$r2021-01-12 00:00:00$w2021-01-12$yBOO
=999  \\$d1784

