=LDR  00901aam a2200217   4500
=001  1785
=008  230327s1878\\\\||||||||\||||\00|\0\dut\d
=041  \\$adut
=100  \\$aBusken Huet, Conrad$d1826-1886$4aut$1http://www.wikidata.org/entity/Q1126746$95090
=245  \\$aParijs en omstreken
=250  \\$a1st ed.
=260  \\$aAmsterdam$bFunke$c1878
=300  \\$a[vi]-395 pages
=500  \\$aNew binding
=648  \0$a19th Century (1801-1900)$1http://www.wikidata.org/entity/Q6955$920935
=650  \0$aHistory$1http://www.wikidata.org/entity/Q309$921403
=650  \0$aFine art$1http://www.wikidata.org/entity/Q219625$921579
=651  \0$aParis (France)$1http://www.wikidata.org/entity/Q90$9160
=942  \\$cBOO
=952  \\$00$10$2ddc$40$6KTS_1_000000000000000_C3_01_08A14$70$8RAR$91785$aORPH$bORPH$cKTS1_C3$d2020-07-08$eKoopman$l0$oKTS1 C3.01 08A14$p20140317$r2021-01-12 00:00:00$w2021-01-12$yBOO
=999  \\$d1785

