=LDR  05033    a2200589   4500
=001  1786
=008  210513s1826\\\\\\\gc|||\||||\00|\0\ger\d
=041  \\$ager
=100  \\$aAlbrechtsberger, Johann Georg$d1736-1809$4aut$4cmp$1http://www.wikidata.org/entity/Q314164$95150
=245  \\$aSämmtliche Schriften über Generalbaß, Harmonie-Lehre, und Tonsetzkunst; zum Selbstunterrichte
=250  \\$a1st ed.
=260  \\$aVienna$bStrauss$c1826
=300  \\$a3 vols. ([xiv]-218+[viii]-264+[vi]-224-[4] pages)$bmusic examples
=490  \\$aAlbrechtsberger's Werke
=500  \\$aEngraved frontispiece showing the portrait of Albrechtsberger
=500  \\$aDeidcated to Freyherrn Joseph von Pasqualati und Osterberg
=520  \\$aJohann Georg Albrechtsberger (1736-1809) was an Austrian composer and organist who enjoyed a wide reputation as music theorist, teaching Ludwig van Beethoven, Ignaz von Seyfried, Johann Nepomuk Hummel, Ignaz Moscheles, Anton Reicha, Franz Xaver Wolfgang Mozart, and Josef Weigl. In 1792, he became Kapellmeister of St. Stephen's Cathedral instead of Mozart, who had passed away. Possibly the most valuable service he rendered to music was in his theoretical works. In 1790 he published at Leipzig a treatise on composition, of which a third edition appeared in 1821. An English version of this was published by Novello in 1855. His compositional style derives from the counterpoint of Johann Joseph Fux, who was Kapellmeister at St Stephen's Cathedral from 1713 to 1741. Ignaz von Seyfried (1776-1841), who edited Albrechtsberger's works, was also a keyboard student of Mozart.
=561  \\$aThe Zweyter and Dritter Band are ex libris L. Bizisly (manuscript)
=563  \\$aThe Zweyter and Dritter Band have a marbled cardboard cover with a leather, gold-embossed spine
=590  \\$aSystematisch geordnet, mit zahlreichen, aus dessen mündlichen Mitteilungen geschöpften Erläuterungs-Beyspielen, und einer kurzen Anleitung zum Partitur-Spiel, nebst Beschreibung aller jetzt gebräuchlichen Instrumente, vermehrt und herausgegeben von seinem Schüler. Mit 556 Notenbeyspielen
=648  \0$a18th Century (1701-1800)$1http://www.wikidata.org/entity/Q7015$920899
=648  \0$a19th Century (1801-1900)$1http://www.wikidata.org/entity/Q6955$920935
=650  \0$aMethod$1http://www.wikidata.org/entity/Q2250960$921402
=650  \0$aBasso continuo$1http://www.wikidata.org/entity/Q724321$921065
=650  \0$aVoicing$1http://www.wikidata.org/entity/Q1760262$923435
=650  \0$aHarmony$1http://www.wikidata.org/entity/Q184421$92358
=650  \0$aComposing$1http://www.wikidata.org/entity/Q92186587$93076
=650  \0$aMusic theory$1http://www.wikidata.org/entity/Q193544$92662
=650  \0$aSelf-education$1http://www.wikidata.org/entity/Q12150409$923512
=651  \0$aVienna (Austria)$1http://www.wikidata.org/entity/Q1741$920937
=653  \0$a?-stemmig bc$329, 70, 79, 97, 134, 135, 141, 143, 148$020140318$w08A15$928330
=653  \0$aafwisseling$3164$020140318$w08A15$928514
=653  \0$abasso continuo = $31$020140318$w08A15$929167
=653  \0$abc = compositie/harmonieleer$3wb, 148-153$020140318$w08A15$929238
=653  \0$atasto solo$396$020140318$w08A15$936760
=653  \0$aTelemann$395$020140318$w08A15$936789
=653  \0$aritme en bc$394, 97-102, 131, 132$020140318$w08A15$938472
=653  \0$akwint/oktaafparallellen$323, 29, 34, 36, 37, 54, 58, 70, 71, 72, 74, 75, 79, 81, 147$020140318$w08A15$933824
=653  \0$amodulatie$3164-182, 184-209$020140318$w08A15$934794
=653  \\$abc bedoeld o.a. om te spelen$31$929245$020140318$w08A15
=653  \\$abecijferen van een onbecijferde bas$393-96$929314$020140318$w08A15
=653  \\$avoorhouding - oplossing$3109$937743$020140318$w08A15
=700  \\$4edt$4aut$4cmp$aSeyfried, Ignaz von$d1776-1841$1http://www.wikidata.org/entity/Q697804$918185
=856  \\$uhttps://reader.digitale-sammlungen.de/de/fs1/object/display/bsb10600341_00005.html$3vol. 1 (IIIF)
=856  \\$uhttps://api.digitale-sammlungen.de/iiif/presentation/v2/bsb10600341/manifest$3vol. 1 (IIIF manifest)
=856  \\$uhttps://www.digitalniknihovna.cz/mzk/view/uuid:d494ec76-bfdf-4a87-9f89-c59076c6ca3d?page=uuid:2d61c5f4-d5ec-4ced-844f-3a1290342cea$3vol.2
=856  \\$uhttps://www.digitalniknihovna.cz/mzk/view/uuid:fc4ceaa3-cc35-4c33-85b9-412f41ecaef7?page=uuid:8436dbfc-db1e-4254-8562-10f4c1ea3635$3vol.3
=942  \\$cBOO
=952  \\$00$10$2ddc$3Erster Band$40$6KTS_1_000000000000000_C3_01_08A15$70$8RAR$91786$aORPH$bORPH$cKTS1_C3$d2020-07-08$eKoopman$oKTS1 C3.01 08A15$p20140318$r2021-01-12 00:00:00$w2021-01-12$yBOO
=952  \\$00$10$2ddc$3Zweyter Band$40$6KTS_1_000000000000000_H_02_070$70$8RAR$916369$aORPH$bORPH$cKTS1_H$eHuys$g300.00$l0$oKTS1 H.02.070$p20146522$r2021-01-12 00:00:00$w2021-01-12$yBOO$d2020-07-08
=952  \\$00$10$2ddc$3Dritter Band$40$6KTS_1_000000000000000_H_02_071$70$8RAR$916370$aORPH$bORPH$cKTS1_H$eHuys$g300.00$l0$oKTS1 H.02.071$p20146523$r2021-01-12 00:00:00$w2021-01-12$yBOO$d2020-07-08
=999  \\$d1786

