=LDR  03870aam a2200637   4500
=001  1787
=008  220818m17501751|||fa|||\||||\00|\0dger\d
=041  \\$ager$hfre
=100  \\$aGottsched, Luise Adelgunde Victorie$d1713-1762$4trl$1http://www.wikidata.org/entity/Q65863$96272
=245  \\$aGeschichte der Köninglichen Akademie der schönen Wissenschaften zu Paris
=250  \\$a1st ed.
=260  \\$aLeipzig$bKrauß$c1750-51
=300  \\$a[vii]-576 pages$a2 vols. in 1 ([vii-360-[vi]-480 pages)$bred edges, engraved frontispieces, inserted plates, folded pages
=500  \\$aThe 'Histoire de l'Académie des sciences' ran from 1735 until 1786 and was edited by Fontenelle, Jean-Jacques Dortous de Marain, Jean Paul Grandjean de Fouchy, and Condorcet 
=500  \\$aLouise Gottsched was appreciated for her encyclopaedic publications, e.g. her translation of the 10-volume history of the Royal Academy of Fine Sciences in Paris with treatises on the liberal arts, learned languages and historical topics.
=500  \\$aCovers the history of the Académie from 1715-1723 (vol.3) 1731-1733 (vol. 5), from 1733-1737 (vol. 6)
=561  \\$aEx libris A.StB (stamp)
=590  \\$adarinnen zugleich unzählige Abhandlungen aus allen freyen Künsten, gelehrten Sprachen, und Alterthümern, enthalten sind. Mit vielen Kupfern. Aus dem Französischen übersetzt
=610  \0$aAcadémie Royale des Sciences (Paris, France)$921938
=648  \0$a18th Century (1701-1800)$1http://www.wikidata.org/entity/Q7015$920899
=650  \0$aScience$1http://www.wikidata.org/entity/Q7991$921650
=650  \0$aHistory$1http://www.wikidata.org/entity/Q309$921403
=650  \0$aLiterature$1http://www.wikidata.org/entity/Q8242$94439
=650  \0$aFine art$1http://www.wikidata.org/entity/Q219625$921579
=650  \0$aArchitecture$1http://www.wikidata.org/entity/Q12271$93185
=650  \0$aBiography$1http://www.wikidata.org/entity/Q36279$91927
=650  \0$a??$3113, 114$020140319$928331
=650  \0$aakoestiek$3115-122$020140319$928552
=650  \0$aaulos$3113$020140319$928873
=650  \0$amuziek_in oudheid$3192, 193$020139358$935057
=650  \0$aCorneille$3187$020139358$930742
=650  \0$aDescartes$3197$020139358$931024
=650  \0$apanfluit$3112, 113$020140319$935736
=650  \0$adwarsfluit$3113?$020140319$931340
=650  \0$aPoussin$3197$020139358$936122
=650  \0$aQuinault$3187$020139358$936302
=650  \0$aRacine$3131-143, 187, 192$020139358$936325
=650  \0$aUrtext$389-94$020140319$937305
=650  \0$aLivius$3149, 174$020139358$934162
=650  \0$aMaffei$37, 156, 157, 159, 161-163$020139358$934357
=651  \0$aParis (France)$1http://www.wikidata.org/entity/Q90$9160
=653  \\$aBoivin, Fam.$313, 14, 444-449, 457-464, 565-576$020140319$w08A16$929738
=653  \\$aBordeaux_amphitheater$3265-282$929784$020139358$wX2C11_02
=653  \\$aChateaudun$3319-335$930414$020139358$wX2C11_01
=653  \\$aCisteau$3198-255$930489$020139358$wX2C11_01
=653  \\$aexorcisme$3120-130$931567$020139358$wX2C11_02
=653  \\$aMolière$3187$95673$020139358$wX2C11_02
=653  \\$aRaphael$3197$923122$020139358$wX2C11_02
=653  \\$aschaken$3163-174$938800$020140319$w08A16
=856  \\$uhttps://www.e-rara.ch/zuz/content/titleinfo/9973330$3vol. 3
=856  \\$uhttps://www.e-rara.ch/zuz/content/zoom/9975589$3vol. 5
=856  \\$uhttps://www.e-rara.ch/zuz/content/zoom/9975995$3vol. 6
=942  \\$cBOO
=952  \\$00$10$2ddc$3vol. 3$40$6KTS_1_000000000000000_C3_01_08A16$70$8RAR$91787$aORPH$bORPH$cKTS1_C3$d2020-07-08$eKoopman$l0$oKTS1 C3.01 08A16$p20140319$r2021-01-12 00:00:00$w2021-01-12$yBOO
=952  \\$00$10$2ddc$3vols. 5-6$40$6KTS_1_000000000000000_C2_35_X2C11$70$8RAR$920211$aORPH$bORPH$cKTS1_C2$d2020-07-08$eKoopman$l0$oKTS1 C2.35 X2C11$p20139358$r2021-05-31 00:00:00$w2021-01-12$yBOO
=999  \\$d1787

