=LDR  01344aam a2200253   4500
=001  1788
=008  230328s1856\\\\||||||||\||||\00|\0bger\d
=041  \\$adut$hger
=100  \\$aSchaefer, Johann Wilhelm$d1835-1908$4aut$1http://www.wikidata.org/entity/Q21043127$96277
=245  \\$aHet leven van Goethe$n1-2/2
=250  \\$a1st ed.
=260  \\$aUtrecht$bDannenfelser$c1856
=300  \\$a2 vols (xxiv-415 pages+355 pages)$bdamaged paper cover, inserted leaflets containing manuscript notes
=500  \\$aOriginally 'Goethe's Leben' (1851), see https://books.google.be/books?id=gb1oAAAAcAAJ
=648  \0$a19th Century (1801-1900)$1http://www.wikidata.org/entity/Q6955$920935
=650  \0$aBiography$1http://www.wikidata.org/entity/Q36279$91927
=650  \0$aLiterature$1http://www.wikidata.org/entity/Q8242$94439
=700  \\$4trl$96278$aHees, C. M. van
=700  \\$4win$aOpzoomer, C. W.$925940
=765  \\$aGoethe's Leben
=942  \\$cBOO
=952  \\$00$10$2ddc$3vol. 1$40$6KTS_1_000000000000000_C3_01_08A17A$70$8RAR$91788$aORPH$bORPH$cKTS1_C3$d2020-07-08$eKoopman$l0$oKTS1 C3.01 08A17a$p20140324$r2021-01-12 00:00:00$w2021-01-12$yBOO
=952  \\$00$10$2ddc$3vol. 2$40$6KTS_1_000000000000000_C3_01_08A17B$70$8RAR$922590$aORPH$bORPH$cKTS1_C3$d2020-07-08$eKoopman$l0$oKTS1 C3.01 08A17b$p20140323$r2023-03-28 00:00:00$w2021-01-12$yBOO
=999  \\$d1788

