=LDR  02680aam a2200313   4500
=001  1790
=008  230328s1719\\\\|||gc|||\||||\00|\0\ger\d
=041  \\$ager
=059  \\$akbd bc
=100  \\$aMattheson, Johann$d1681-1764$4aut$1http://www.wikidata.org/entity/Q170333$95222
=245  \\$aExemplarische Organisten-Probe im Artikel vom General Bass
=260  \\$aHamburg$bs.n.$c1719
=300  \\$a[xv]-276 pages$bred edges, engraved frontispiece, music examples, fly title, marbled cardboard cover, leather spine embossed in gold
=500  \\$abeautiful frontispiece portrait of Mattheson by Christian Fritzsch (1695-1769) after  Johann Salomon Wahl (1689-1765)
=500  \\$aincludes 48 partimento exercises in all the keys (24 easy, 24 more difficult) 
=500  \\$aDedication to Gottfried von Wedderkop (1689-1741), a German diplomat in Danish service, bailiff, district administrator and canon of Lübeck.
=500  \\$aMattheson's later 'Grosse General-Bass-Schule' of 1731 is based on this earlier work
=504  \\$acontains index
=561  \\$aEx ibris Dr. Werber Danckert (stamp)
=561  \\$aEx libris  Glix... Erk... (unreadable manuscript)
=590  \\$aWelche mittelst 24. leichter, und eben so viel etwas schwerer Exempel, aus allen Tonen, des Endes anzustellen ist, daß einer, der Diese 48. Prob-Stücke Rein trifft, und das darinn Enthaltene wohl anbringt, sich vor andern rühmen möge: Er sey ein Meister im accompagniren ; Alles zum unentbehrlichen Unterricht und Behuf / nicht nur einiger Herren Organisten und Clavicymbalisten ex professo, sondern Aller Liebhaber der Music / Zuförderst derer / Die der haupt-Wissenschaft des Claviers / des General-Basses / und des geschickten / manierlichen Accompagnements fleissig obliegen / mit den nothwendigsten Erläuterungen und Anmerkungen / bey jedem Exempel / und mit einer ausführlichen / zur Probe dienenden Theoretischen Vorbereitung Uber verschiedene musicalische Merckwürdigkeiten versehen.
=648  \0$a18th Century (1701-1800)$1http://www.wikidata.org/entity/Q7015$920899
=650  \0$aBasso continuo$1http://www.wikidata.org/entity/Q724321$921065
=651  \0$aHamburg (Germany)$1http://www.wikidata.org/entity/Q1055$921940
=856  \\$uhttps://reader.digitale-sammlungen.de/de/fs1/object/display/bsb10527431_00023.html$3Bavarian State Library
=856  \\$uhttps://imslp.org/wiki/Exemplarische_Organisten-Probe_(Mattheson%2C_Johann)$3International Music Score Library Project
=942  \\$cBOO
=952  \\$00$10$2ddc$40$6KTS_1_000000000000000_C3_01_08A19$70$8RAR$91790$aORPH$bORPH$cKTS1_C3$d2020-07-08$eKoopman$l0$oKTS1 C3.01 08A19$p20140321$r2021-01-12 00:00:00$w2021-01-12$yBOO
=999  \\$d1790

