=LDR  11275aam a2202161   4500
=001  1791
=005  20251028152422.0
=008  210322s1867\\\\\\\bcg||\||||\00|\0\fre\d
=041  \\$afre
=100  \\$aStraeten, Edmond Van der$d1826-1895$4aut$1http://www.wikidata.org/entity/Q18533827$96279
=245  \\$aCuriosités de l'histoire musicale des anciens Pays-Bas$b(Belgique, Hollande et Nord de la France)
=250  \\$a1st ed.
=260  \\$aParis$bLibrairie artistique$aBrussels$bLibrairie européenne$c1867
=300  \\$axii-321-[2] pages
=504  \\$aContains an index
=590  \\$ad'après des documents inédits avec planches et table alphabétique
=648  \0$a19th Century (1801-1900)$1http://www.wikidata.org/entity/Q6955$920935
=650  \0$aMusic history$1http://www.wikidata.org/entity/Q846047$921373
=651  \0$aBelgium$1http://www.wikidata.org/entity/Q31$920881
=651  \0$aNetherlands$1http://www.wikidata.org/entity/Q55$9173
=651  \0$aFrance$1http://www.wikidata.org/entity/Q142$9131
=653  \0$aad lib. bezetting$336, 94, 276$020140320$w08A20$928471
=653  \0$aafwisseling en klavecimbelspel$369$020140320$w08A20$928515
=653  \0$aAggazzari, A.$323, 26, 27, 30, 35$020140320$w08A20$928521
=653  \0$aAlbicastro$3222$020140320$w08A20$928563
=653  \0$aAnerio, F.$332$020140320$w08A20$928694
=653  \0$abezetting (instr.)$386-90$020140320$w08A20$929525
=653  \0$abezetting (voc.)$386-90, 233, 243-248$020140320$w08A20$929527
=653  \0$aBan, A.$361$020140320$w08A20$929060
=653  \0$aBlankenburg, Q. van $356-72$020140320$w08A20$929619
=653  \0$ablokfluit$331$020140320$w08A20$929645
=653  \0$abasso continuo$358, 59, 61, 70$020140320$w08A20$929163
=653  \0$abeiaard$38, 9, 10, 59, 60, 63, 64, 65, 162-168$020140320$w08A20$929377
=653  \0$aBernier$3222, 223, 224$020140320$w08A20$929462
=653  \0$abespeler van meer instrumenten$396, 274, 299$020140320$w08A20$929498
=653  \0$aBuns, B.$3211, 213, 221, 224$020140320$w08A20$930024
=653  \0$aCaccini, J.$325$020140320$w08A20$930102
=653  \0$aCaldara, A.$385, 89$020140320$w08A20$930130
=653  \0$aCampion$358, 59$020140320$w08A20$930168
=653  \0$aCampra, A.$3217, 222, 223$020140320$w08A20$930173
=653  \0$aCazzati, M.$3212, 214, 215, 217, 218$020140320$w08A20$930335
=653  \0$amuziek = $3187-190$020140320$w08A20$934994
=653  \0$acister$331, 37$020140320$w08A20$930490
=653  \0$aClemens non Papa$327, 44, 95$020140320$w08A20$930541
=653  \0$aobligaatorgel$385$020140320$w08A20$935315
=653  \0$aObrecht$344$020140320$w08A20$935318
=653  \0$aOckeghem$344, 98-102$020140320$w08A20$935321
=653  \0$aCorelli, A.$360, 219$020140320$w08A20$930736
=653  \0$aorgelregistratie$369$020140320$w08A20$935575
=653  \0$aDemantius, C.$323$020140320$w08A20$931000
=653  \0$aoude muziek vroeger$318-38, 111, 209-226$020140320$w08A20$935658
=653  \0$aPadbrué, C.$335, 247$020140320$w08A20$935701
=653  \0$adiminuties$327$020140320$w08A20$931087
=653  \0$aDiruta, G.$328, 37$020140320$w08A20$931097
=653  \0$aPergolesi$389$020140320$w08A20$935854
=653  \0$aPeri, J.$325$020140320$w08A20$935860
=653  \0$aPevernage, A.$3127-130, 158$020140320$w08A20$935901
=653  \0$aDumont, H.$3214$020140320$w08A20$931298
=653  \0$adwarsfluit$3110 afb$020140320$w08A20$931340
=653  \0$aPraetorius, M.$323, 28, 34$020140320$w08A20$936131
=653  \0$aprijs van klavecimbel$367, 291$020140320$w08A20$936177
=653  \0$aprijs van trompet$316-18$020140320$w08A20$936197
=653  \0$apsalterium$363$020140320$w08A20$936252
=653  \0$aQuagliati, P.$328, 35$020140320$w08A20$936293
=653  \0$aFiocco, A.$386, 87, 88, 89, 90, 210, 220, 221, 222, 223, 226$020140320$w08A20$931717
=653  \0$aFiocco, J.H.$386, 87, 88, 89, 90, 210, 220, 221, 222, 223, 226$020140320$w08A20$931718
=653  \0$aFrescobaldi, G.$328$020140320$w08A20$931903
=653  \0$asub/semitoetsen$370$020140320$w08A20$936666
=653  \0$aFux, J.J.$387, 88, 89$020140320$w08A20$931956
=653  \0$aGabrieli, A.$322$020140320$w08A20$931960
=653  \0$aGabrieli, G.$336$020140320$w08A20$931962
=653  \0$aSweelinck, J.P.$322$020140320$w08A20$936692
=653  \0$agamba$331, 37$020140320$w08A20$931995
=653  \0$aGastoldi, G.$321, 24, 30, 32, 33$020140320$w08A20$932026
=653  \0$atemperatuur$361, 70$020140320$w08A20$936807
=653  \0$aGesualdo$325, 31, 32, 33$020140320$w08A20$932163
=653  \0$aGossec$387$020140320$w08A20$932278
=653  \0$aTorelli$3224$020140320$w08A20$937033
=653  \0$aGrandi, A.$329, 30, 33$020140320$w08A20$932329
=653  \0$atransposing double$365, 66, 67$020140320$w08A20$937074
=653  \0$aHacquart, C.$3219, 226$020140320$w08A20$932500
=653  \0$aHändel, G.F.$370, 71$020140320$w08A20$932536
=653  \0$atrompet$316$020140320$w08A20$937194
=653  \0$aTurini, F.$334$020140320$w08A20$937224
=653  \0$aharp$362, 63$020140320$w08A20$932582
=653  \0$aVecchi, O. $322, 23, 26, 29, 32$020140320$w08A20$937363
=653  \0$aViadana, L.$326, 35$020140320$w08A20$937529
=653  \0$aviool$328, 31, 37$020140320$w08A20$937605
=653  \0$aIndia, S. d'$329, 33$020140320$w08A20$933071
=653  \0$ainventaris$318-38, 85-90, 94-96, 159, 209-226$020140320$w08A20$933115
=653  \0$aitaliaanse invloed in Vlaanderen$318-38$020140320$w08A20$933151
=653  \0$ajongenssopraan$32, 159, 233$020140320$w08A20$933241
=653  \0$aJosquin$344, 72-74$020140320$w08A20$933255
=653  \0$aWerth, J. de$344$020140320$w08A20$937937
=653  \0$aKapsberger, G.$325$020140320$w08A20$933309
=653  \0$aWillaert, A.$327, 44, 248-262$020140320$w08A20$937973
=653  \0$aZarlino$3250-257, 260, 261$020140320$w08A20$938113
=653  \0$azink$331$020140320$w08A20$938157
=653  \0$aklavecimbel_Vlaanderen 17e eeuw$365-69, 70, 194, 195$020140320$w08A20$933517
=653  \0$aklavecimbel_Vlaanderen 18e eeuw$3192-205$020140320$w08A20$933518
=653  \0$aRathgeber, V.$3213, 225, 226$020140320$w08A20$938251
=653  \0$aklavichord_Middeleeuwen$3289$020140320$w08A20$933582
=653  \0$aklavichord_Vlaanderen 16e eeuw$3276$020140320$w08A20$933590
=653  \0$aretorica$348-52, 109$020140320$w08A20$938388
=653  \0$aKrafft, fam.$388$020140320$w08A20$933740
=653  \0$aRore, C. de$322, 24$020140320$w08A20$938549
=653  \0$aRossi, S.$323$020140320$w08A20$938571
=653  \0$aRovetta, G.$334, 35, 36, 37$020140320$w08A20$938603
=653  \0$aLasso, O. di $322, 26, 34, 36, 44$020140320$w08A20$933916
=653  \0$aRuckers, Fam.$365-69, 70, 194, 195$020140320$w08A20$938623
=653  \0$asalaris$32, 3$020140320$w08A20$938697
=653  \0$alesgeld$317$020140320$w08A20$934067
=653  \0$aluit$331, 96-98$020140320$w08A20$934262
=653  \0$aSchuyt, C.$324$020140320$w08A20$939013
=653  \0$aLuzzaschi, L.$322$020140320$w08A20$934303
=653  \0$amandora$331$020140320$w08A20$934420
=653  \0$aMarenzio, L.$322, 23, 32$020140320$w08A20$934462
=653  \0$aMasson, C.$384$020140320$w08A20$934518
=653  \0$aMerula, T.$336$020140320$w08A20$934699
=653  \0$aMonte, P. de$322, 44$020140320$w08A20$934841
=653  \0$aMonteverdi, C.$323, 24, 25, 28, 32, 34, 61$020140320$w08A20$934854
=653  \\$aAntegnati, C.$327, 37$928715$020140320$w08A20
=653  \\$abeiaard_oefenklavier$363, 64$929383$020140320$w08A20
=653  \\$aBésard H.$328$929488$020140320$w08A20
=653  \\$aBrade, W.$323$929872$020140320$w08A20
=653  \\$aBréhy$390, 220, 223$929922$020140320$w08A20
=653  \\$aBréhy, P.$384$929923$020140320$w08A20
=653  \\$aCaecilia, Sint$3130-135$930109$020140320$w08A20
=653  \\$aCanis, C.$342-45$930180$020140320$w08A20
=653  \\$aCastro, J. de$321, 95$930289$020140320$w08A20
=653  \\$aclavecytherium$3278 afb$930522$020140320$w08A20
=653  \\$aclaviorganum$331$930538$020140320$w08A20
=653  \\$aconcerten$319$930655$020140320$w08A20
=653  \\$aConforto, L.$327$930666$020140320$w08A20
=653  \\$aCornet, A.$31-6, 44$930747$020140320$w08A20
=653  \\$aCrecquillon, T.$3232-237$910329$020140320$w08A20
=653  \\$aCroce, G.$330$930854$020140320$w08A20
=653  \\$aCroes, H.J. de $313-15$930855$020140320$w08A20
=653  \\$aDeering, R.$336$930984$020140320$w08A20
=653  \\$aDelin, A.$3192-194$930996$020140320$w08A20
=653  \\$aDulcken$3195, 196, 197, 198-205$931288$020140320$w08A20
=653  \\$aElsche, van de$3195, 196$931432$020140320$w08A20
=653  \\$aFritsch, B.$323$931925$020140320$w08A20
=653  \\$aGheyn, P. van de$3162-168$932177$020140320$w08A20
=653  \\$aGrassi, B.$3262-273$932334$020140320$w08A20
=653  \\$aGuami, G.$324, 32, 35$932455$020140320$w08A20
=653  \\$aGuami, V.$324, 32, 35$932456$020140320$w08A20
=653  \\$aGuedron, P.$336$932465$020140320$w08A20
=653  \\$aGuerrero, F.$324$932469$020140320$w08A20
=653  \\$aHaußmann, V.$334$932626$020140320$w08A20
=653  \\$aHebenstreitt, P.$363$932661$020140320$w08A20
=653  \\$aHelmbreker, C.$3227-232$932696$020140320$w08A20
=653  \\$aHelmont, C.J. van $375-90$932697$020140320$w08A20
=653  \\$aHollander, C.F. de$3205-226$932863$020140320$w08A20
=653  \\$aHurtado, P.$339-41, 215, 216, 217, 223, 224$933022$020140320$w08A20
=653  \\$aLanghedel$3160, 161$933904$020140320$w08A20
=653  \\$aLeclair, J.M.$376?$933972$020140320$w08A20
=653  \\$aLeopold I$389$922858$020140320$w08A20
=653  \\$aMassaus, G.$3103-105$934515$020140320$w08A20
=653  \\$aMercker, M.$324$934680$020140320$w08A20
=653  \\$aNenna, P.$330, 32$935198$020140320$w08A20
=653  \\$aNervius, L.$3121-123$935202$020140320$w08A20
=653  \\$aPalestrina$326$935723$020140320$w08A20
=653  \\$aPhilips, P. $323, 24, 26, 27, 35, 37$935931$020140320$w08A20
=653  \\$aPraetorius, H.$326$936129$020140320$w08A20
=653  \\$aPriuli, G.$337$913380$020140320$w08A20
=653  \\$aregistratie en klavecimbelspel$369$938316$020140320$w08A20
=653  \\$aRognoni, F.$328, 34$938506$020140320$w08A20
=653  \\$aSabbatini, G.$334, 35, 36$938661$020140320$w08A20
=653  \\$aSale, F.$3169-180$938700$020140320$w08A20
=653  \\$aSaracini, C.$333$938754$020140320$w08A20
=653  \\$aSchol, D.$359, 60$938925$020140320$w08A20
=653  \\$aSimpson, T.$336$939134$020140320$w08A20
=653  \\$aSoriano, F.$335$936381$020140320$w08A20
=653  \\$aTeller, M.$3220, 225$936801$020140320$w08A20
=653  \\$aTurnhout, J.$323, 44, 91, 92, 94, 237-242$937238$020140320$w08A20
=653  \\$aVois, P.A. de $3291$937710$020140320$w08A20
=653  \\$aWaelrant, H.$335, 44, 62$937825$020140320$w08A20
=653  \\$aWielen, J. van de$355, 56, 215, 216, 217$020140320$w08A20$937958
=856  \\$uhttps://books.google.be/books?id=RWNFAQAAMAAJ$3Google Books
=942  \\$cBOO
=952  \\$00$10$2ddc$40$6KTS_1_000000000000000_C3_01_08A20$70$8RAR$91791$aORPH$bORPH$cKTS1_C3$d2020-07-08$eKoopman$l0$oKTS1 C3.01 08A20$p20140320$r2021-01-12 00:00:00$w2021-01-12$yBOO
=999  \\$d1791

