=LDR  00579aam a2200157   4500
=001  1792
=008  210401b\\\\\\\\\\\|||||\||||\00|\0\ger\d
=041  \\$ager
=245  \\$aTagebuch
=260  \\$as.l.$c17xx
=300  \\$a1 page$bbound in red leather, golden ornamentations, coloured edges
=500  \\$aEmpty diary
=650  \0$aBiography$1http://www.wikidata.org/entity/Q36279$91927
=942  \\$cMS
=952  \\$00$10$2ddc$40$6KTS_1_000000000000000_C3_01_08A21$70$8RAR$91792$aORPH$bORPH$cKTS1_C3$d2020-07-08$eKoopman$l0$oKTS1 C3.01 08A21$p20136203$r2021-01-12 00:00:00$w2021-01-12$yMS
=999  \\$d1792

