=LDR  03469    a2200673   4500
=001  1793
=008  210305s1681\\\\be\|||||\||||\00|\|\dut\d
=041  \\$adut
=100  \\$aPels, Andries$d1631-1681$4aut$1http://www.wikidata.org/entity/Q2787843$96280
=245  \\$aGebruik én misbruik des tooneels
=250  \\$a1st ed.
=260  \\$aAmsterdam$bMagnus$c1681
=300  \\$a59 pages
=500  \\$aContains engraved plate on the frontispiece with the motto "Nil Volentibus Arduum", the society founded by Lodewijk Meyer and Andries Pels in 1669
=500  \\$aprinter's privilege dated 2 February [Sprokkelmaand] 1681
=500  \\$averse numbers and annotations in pencil and ink
=563  \\$arestored by C. Knops
=610  \0$aNil Volentibus Arduum$1http://www.wikidata.org/entity/Q2351891$96763
=648  \0$a17th Century (1601-1700)$1http://www.wikidata.org/entity/Q7016$920923
=650  \0$aTheater history$1http://www.wikidata.org/entity/Q1061140$94607
=650  \0$aMoral education$1http://www.wikidata.org/entity/Q25457248$93171
=650  \0$aCrescendo$1http://www.wikidata.org/entity/Q2347888$922787
=651  \0$aAmsterdam (Netherlands)$1http://www.wikidata.org/entity/Q727$9135
=653  \0$aAsselijn$339$020140325$w08A22$928840
=653  \0$aAsselijn$339$020140325$w08A22$928840
=653  \0$aBredero$312, 13$020140325$w08A22$929895
=653  \0$aBredero$312, 13$020140325$w08A22$929895
=653  \0$aPels, A.$3wb, 52$020140325$w08A22$935841
=653  \0$aemoties$351$020140325$w08A22$931445
=653  \0$aemoties$351$020140325$w08A22$931445
=653  \0$atheater$3wb$020140325$w08A22$936885
=653  \0$aGroot, H. de$320$020140325$w08A22$932424
=653  \0$aGroot, H. de$320$020140325$w08A22$932424
=653  \0$aHacquart, C.$321?$020140325$w08A22$932500
=653  \0$aHacquart, C._Triomferende min$321?$020140325$w08A22$932501
=653  \0$aHeinsius$320$020140325$w08A22$932678
=653  \0$aHeinsius$320$020140325$w08A22$932678
=653  \0$aHooft, P.C.$313, 14, 23, 24, 44-46$020140325$w08A22$932893
=653  \0$aHooft, P.C.$313, 14, 23, 24, 44, 45, 46$020140325$w08A22$932893
=653  \0$aVondel$313, 14, 18, 19, 21, 22, 24, 44, 45, 46, 51$020140325$w08A22$937732
=653  \0$aVos, J.$317, 23$020140325$w08A22$937771
=653  \0$aVossius$351$020140325$w08A22$937779
=653  \0$aVossius$351$020140325$w08A22$937779
=653  \0$arederijkers$39-12, 14$020140325$w08A22$938298
=653  \0$arederijkers$39, 10, 11, 12, 14$020140325$w08A22$938298
=653  \0$aKoster [Coster, Samuel]$313$020140325$w08A22$933731
=653  \0$amise-en-scène$315, 48$020140325$w08A22$939272
=653  \0$amise-en-scène$315, 48$020140325$w08A22$939272
=653  \\$aDe triomfeerende min$321?$930975$020140325$w08A22
=653  \\$aKoster$313$933729$020140325$w08A22
=653  \\$aNil Volentibus Arduum$3tp, 48, 49, 51-53, 55$96763$020140325$w08A22
=653  \\$aNil Volentibus Arduum$3tp, 48, 49, 51, 52, 53, 55$96763$020140325$w08A22
=653  \\$aRembrandt$335$914481$020140325$w08A22
=653  \\$aRembrandt$335$914481$020140325$w08A22
=653  \\$aVos, I.$317, 23$937770$020140325$w08A22
=856  4\$uhttp://www.let.leidenuniv.nl/Dutch/Ceneton/Facsimiles/PelsGebruik1681/index.htm
=942  \\$cBOO
=952  \\$00$10$2ddc$40$6KTS_1_000000000000000_C3_01_08A22$70$8RAR$91793$aORPH$bORPH$cKTS1_C3$d2020-07-08$eKoopman$l0$oKTS1 C3.01 08A22$p20140325$r2021-01-12 00:00:00$w2021-01-12$yBOO
=999  \\$d1793

