=LDR  01068aam a2200229   4500
=001  1794
=008  230328s1646\\\\|||af|||\||||\00|\d\fre\d
=041  \\$afre
=100  1\$aMareschal, André$d1601/5-1648$4aut$1http://www.wikidata.org/entity/Q2848243$96281
=245  \\$aLe Jugement équitable de Charles Le Hardy, dernier Duc de Bourgoigne.$bTragédie
=250  \\$a1st ed.
=260  \\$aParis$bQuinet$c1646
=300  \\$a[iv]-97-[1] pages$bengraved title page
=561  \\$aEx libris "Collegii Parisiensis Societatis Jesu" (manuscript)
=563  \\$amodern binding
=648  \0$a17th Century (1601-1700)$1http://www.wikidata.org/entity/Q7016$920923
=650  \0$aPlay (theater)$1http://www.wikidata.org/entity/Q25379$921414
=651  \0$aFrance$1http://www.wikidata.org/entity/Q142$9131
=856  \\$uhttps://gallica.bnf.fr/ark:/12148/bpt6k5609968x$3Gallica
=942  \\$cBOO
=952  \\$00$10$2ddc$40$6KTS_1_000000000000000_C3_01_08A23$70$8RAR$91794$aORPH$bORPH$cKTS1_C3$d2020-07-08$eKoopman$l0$oKTS1 C3.01 08A23$p20140326$r2021-01-12 00:00:00$w2021-01-12$yBOO
=999  \\$d1794

