=LDR  02896    a2200577   4500
=001  1795
=008  220829s1777\\\\|||||l||\||||\00|\0\ger\d
=041  \\$ager
=059  \\$av
=100  \\$aSchmidlin, Johannes$d1722-1772$4cmp$1http://www.wikidata.org/entity/Q55673460$96282
=245  \\$aSingendes und spielendes Vergnügen reiner Andacht
=250  \\$a4th ed.
=260  \\$aZürich$bBürkli$c1777
=300  \\$a[vi]-941-[3] pages$bengraved frontispiece
=500  \\$aFor the fifth edition, see 16B24
=534  \\$aOriginally published in 1752$ohttps://www.e-rara.ch/zuz/doi/10.3931/e-rara-28828
=590  \\$aoder, Geistreiche Gesänge, nach der Wahl des Besten gesammlet, zur Erweckung des innern Christenthums eingerichtet, und mit musikalischen Compositionen begleitet von Johannes Schmidlin
=648  \0$a18th Century (1701-1800)$1http://www.wikidata.org/entity/Q7015$920899
=650  \0$aSong$1http://www.wikidata.org/entity/Q7366$94164
=650  \0$aCalvinism$1http://www.wikidata.org/entity/Q101849$923719
=651  \0$aSwitzerland$1http://www.wikidata.org/entity/Q39$920954
=653  \0$aadagio$3X4$020140327$w08A24$928477
=653  \0$aalla breve$3X5$020140327$w08A24$928599
=653  \0$aallegro$3X4, X5$020140327$w08A24$928606
=653  \0$aandante$3X4$020140327$w08A24$928683
=653  \0$aarioso$3X4$020140327$w08A24$928773
=653  \0$aboekprijs$3942, 943, 944$020140327$w08A24$929701
=653  \0$acatalogus$3942-944$020140327$w08A24$930298
=653  \0$aorgel_Zwitserland 18e eeuw$3tp$020140327$w08A24$935525
=653  \0$adynamiek$3X4$020140327$w08A24$931346
=653  \0$aemoties$3X4$020140327$w08A24$931445
=653  \0$apresto$3X4, X5$020140327$w08A24$936154
=653  \0$atempo$3X5$020140327$w08A24$936814
=653  \0$atoevoegen van trillers etc$3X4$020140327$w08A24$936988
=653  \0$aGoudimel, C.$3944$020140327$w08A24$932292
=653  \0$avrijheid in maat$3X5$020140327$w08A24$937806
=653  \0$arecitatief$3X5$020140327$w08A24$938285
=653  \0$alamento$3X5$020140327$w08A24$933868
=653  \0$alargo$3X5$020140327$w08A24$933911
=653  \0$alento$3X4$020140327$w08A24$934050
=653  \0$aMattheson$3X3$020140327$w08A24$934534
=653  \0$ameer benutten zelfde partituur$3wb$020140327$w08A24$934589
=653  \\$agratioso$3X4$932338$020140327$w08A24
=653  \\$ahuisorgel_Zwitserland 18e eeuw$3tp$932989$020140327$w08A24
=653  \\$amaestoso$3X5$934352$020140327$w08A24
=653  \\$avivace$3X4$937653$020140327$w08A24
=700  \\$4ill$aHolzhalb, Johann Rudolph$d1723-1806$1http://www.wikidata.org/entity/Q48335811$98117
=856  4\$uhttps://www.e-rara.ch/zuz/content/titleinfo/7859478
=942  \\$cSCO
=952  \\$00$10$2ddc$40$6KTS_1_000000000000000_C3_01_08A24$70$8RAR$91795$aORPH$bORPH$cKTS1_C3$d2020-07-08$eKoopman$l0$oKTS1 C3.01 08A24$p20140327$r2021-01-12 00:00:00$w2021-01-12$ySCO
=999  \\$d1795

