=LDR  00989aam a2200205   4500
=001  1797
=005  20250925143255.0
=008  230328s1912\\\\|||aoc||\||||\00|\0\dut\d
=041  \\$adut
=245  \\$aNederlandsch muziekfeest Amsterdam 25 juni - 1 juli 1912: officieele feestgids
=260  \\$aAmsterdam$bCaecilia$c1912
=300  \\$a196 pages
=648  \0$a20th Century (1901-2000)$1http://www.wikidata.org/entity/Q6927$920936
=650  \0$aMusic history$1http://www.wikidata.org/entity/Q846047$921373
=650  \0$aInstitution$1http://www.wikidata.org/entity/Q178706$94241
=651  \0$aAmsterdam (Netherlands)$1http://www.wikidata.org/entity/Q727$9135
=710  \\$aMaatschappij tot Bevordering der Toonkunst (Amsterdam, Netherlands)$1http://www.wikidata.org/entity/Q5267136$921676
=942  \\$cBOO
=952  \\$00$10$2ddc$40$6KTS_1_000000000000000_C3_01_08A26$70$8RAR$91797$aORPH$bORPH$cKTS1_C3$d2020-07-08$eKoopman$l0$oKTS1 C3.01 08A26$p20140331$r2021-01-12 00:00:00$w2021-01-12$yBOO
=999  \\$d1797

