=LDR  01095acm a2200229   4500
=001  1798
=008  230328s1790\\\\|||||l||\||||\00|\0\ger\d
=041  \\$ager
=059  \\$a2SB bc
=100  \\$aEgli, Johann Heinrich$d1742-1810$4cmp$1http://www.wikidata.org/entity/Q5627879$96284
=245  \\$aLieder der Weisheit und Tugend zur Bildung des Gesangs und des Herzens
=260  \\$aZürich$bBürkli$c1790
=300  \\$a99-[1] pages
=500  \\$aVoices and continuo on one page
=648  \0$a18th Century (1701-1800)$1http://www.wikidata.org/entity/Q7015$920899
=650  \0$aPoetry$1http://www.wikidata.org/entity/Q482$93026
=650  \0$aPoetry$1http://www.wikidata.org/entity/Q482$93026
=651  \0$aZürich (Switzerland)$1http://www.wikidata.org/entity/Q72$921130
=856  \\$uhttps://reader.digitale-sammlungen.de/de/fs1/object/display/bsb10525091_00005.html$3Bavarian State Library
=942  \\$cSCO
=952  \\$00$10$2ddc$40$6KTS_1_000000000000000_C3_01_08A27$70$8RAR$91798$aORPH$bORPH$cKTS1_C3$d2020-07-08$eKoopman$l0$oKTS1 C3.01 08A27$p20140329$r2021-01-12 00:00:00$w2021-01-12$ySCO
=999  \\$d1798

