=LDR  02330    a2200445   4500
=001  1799
=005  20250926135308.0
=008  220128s1839\\\\|||a||||\||||\00|\0cger\d
=041  \\$ager
=100  \\$aBürkli, Johann Georg$d1793-1851$4aut$1http://www.wikidata.org/entity/Q107000445$96285
=245  \\$aBiographie von Johann Sebastian Bach und seinen Söhnen
=260  \\$aZürich$bOrell$bFüßli$c1839
=300  \\$a15 pages$b1 folded page
=500  \\$aContains an unknown portrait of J. S. Bach by Martin Elslinger and a nice genealogical tree
=600  \0$aBach, Johann Sebastian$d1685-1750$1http://www.wikidata.org/entity/Q1339$94766
=600  \0$aBach, Wilhelm Friedemann$d1710-1784$1http://www.wikidata.org/entity/Q107277$99331
=600  \0$aBach, Carl Philipp Emanuel$d1714-1788$1http://www.wikidata.org/entity/Q76428$99218
=600  \0$aBach, Johann Christian$d1735-1782$1http://www.wikidata.org/entity/Q106641$914631
=610  \0$aBach family$1http://www.wikidata.org/entity/Q169509$922324
=648  \0$a18th Century (1701-1800)$1http://www.wikidata.org/entity/Q7015$920899
=650  \0$aComposer$1http://www.wikidata.org/entity/Q36834$93625
=650  \0$aBiography$1http://www.wikidata.org/entity/Q36279$91927
=651  \0$aGermany$1http://www.wikidata.org/entity/Q183$9155
=653  \0$aBach_stamboom familie$3achterin$020140330$w08A28$928898
=653  \0$aBach, C.P.E.$35, 8, 9, 10, 11$020140330$w08A28$928902
=653  \0$aBach, J.C.$39, 12-14$020140330$w08A28$928916
=653  \0$aBach, J.C.F.$312$020140330$w08A28$928917
=653  \0$aBach, J.S._na dood$3hele artikel$020140330$w08A28$928973
=653  \0$aBach, J.S._portret$3fs$020140330$w08A28$928975
=653  \0$aBach, W.F.$37$020140330$w08A28$928997
=653  \0$aForkel$35$020140330$w08A28$931820
=653  \0$aHändel, G.F.$35$020140330$w08A28$932536
=653  \0$aKirnberger$35$020140330$w08A28$933423
=653  \0$aklavecimbelconcerten$39$020140330$w08A28$933530
=653  \0$asalaris$313$020140330$w08A28$938697
=653  \\$aBürkli, G.$3wb$930040$020140330$w08A28
=942  \\$cBOO
=952  \\$00$10$2ddc$40$6KTS_1_000000000000000_C3_01_08A28$70$8RAR$91799$aORPH$bORPH$cKTS1_C3$d2020-07-08$eKoopman$oKTS1 C3.01 08A28$p20140330$r2021-01-12 00:00:00$w2021-01-12$yBOO
=999  \\$d1799
=533  \\$aDigitized by iGuana, Spring 2025.

