=LDR  01409aam a2200265   4500
=001  1800
=008  230328r17751756|||af|||\||||\00|\0\dut\d
=041  \\$adut$heng
=100  1\$aHervey, James$d1714-1758$4aut$1http://www.wikidata.org/entity/Q3161151$96286
=245  \\$aGodvruchtige bespiegelingen over den nacht, den starrenhemel en den winter
=250  \\$a4th ed.
=260  \\$aAmsterdam$bMeijer$c1775
=300  \\$a[xiv]-328-[8] pages$b8 illustrated plates inserted
=500  \\$aJames Hervey (1714-1758) wrote devotional literature in a bombastic style
=534  \\$aDutch translation originally published in 1756$ohttps://books.google.be/books?id=WW0UAAAAQAAJ
=648  \0$a18th Century (1701-1800)$1http://www.wikidata.org/entity/Q7015$920899
=650  \0$aReligion$1http://www.wikidata.org/entity/Q9174$93062
=650  \0$aPhilosophy$1http://www.wikidata.org/entity/Q5891$92357
=650  \0$aLiterature$1http://www.wikidata.org/entity/Q8242$94439
=651  \0$aUnited Kingdom$1http://www.wikidata.org/entity/Q21$9273
=765  \\$aContemplations on the Night, Contemplations on the Starry Heavens, A Winter-Piece
=856  \\$uhttps://books.google.be/books?id=fJ9fAAAAcAAJ$3Google Books
=942  \\$cBOO
=952  \\$00$10$2ddc$40$6KTS_1_000000000000000_C3_01_08A29$70$8RAR$91800$aORPH$bORPH$cKTS1_C3$d2020-07-08$eKoopman$l0$oKTS1 C3.01 08A29$p20140328$r2021-01-12 00:00:00$w2021-01-12$yBOO
=999  \\$d1800

