=LDR  03106aam a2200517   4500
=001  1801
=008  230328s1734\\\\|||f||||\||||\00|\0\dut\d
=041  \\$adut
=100  \\$aGoes, Pieter vander$4edt$96287$d1684-?
=245  \\$aVervolg van de Latynsche en Nederduitsche keurdichten$n8,9 & 10
=260  \\$aRotterdam$bGoes, vander$c1734-35
=300  \\$a3 vols. in 1 (123-[3]-118-[4]-125 pages)$bfolded pages, engraved plates, leather bound, embossed in gold
=500  \\$aNice volumes with fold-outs
=500  \\$aIn the first half of the eighteenth century, it was not unusual to bring together mock poems by several poets in one publication. In 1707, Johannes de Raat from Schiedam came out with a volume of mock poetry that was somewhat supplemented and modified over time, and three years later the final eleven-volume series Nederduitse en Latynse keurdigten started, a series that, at least according to the colophon, was published from 1710 until the 1730s by Pieter vander Goes (pseudonym of Johannes van Leeuwen) in Rotterdam, later in Utrecht and finally Rotterdam again. 
=561  \\$aEx libris Maatsch. Nederl. Letterk. Leiden (Stamp)
=648  \0$a18th Century (1701-1800)$1http://www.wikidata.org/entity/Q7015$920899
=650  \0$aPoetry$1http://www.wikidata.org/entity/Q482$93026
=650  \0$aLiterature$1http://www.wikidata.org/entity/Q8242$94439
=650  \0$aSatire$1http://www.wikidata.org/entity/Q128758$921636
=651  \0$aNetherlands$1http://www.wikidata.org/entity/Q55$9173
=653  \0$aAmsterdam_schouwburg$3116-118$020140332$w08A30b$928672
=653  \0$aop de wijze van $3108$020140332$w08A30b$935398
=653  \0$aop de wijze van $372$020140332$w08A30c$935398
=653  \0$aDatheen, P.$363$020140332$w08A30c$930949
=653  \0$aErasmus$356, 57$020140332$w08A30c$931501
=653  \0$aPunt$3116-118$020140332$w08A30b$936268
=653  \0$avedel$354$020140332$w08A30c$937364
=653  \0$aHooft, P.C.$365$020140332$w08A30c$932893
=653  \0$aVondel$360$020140332$w08A30c$937732
=653  \0$azangwedstrijd$342-51$020140332$w08A30c$938111
=653  \0$aluit$347$020140332$w08A30c$934262
=653  \\$adeurwaarder$319$931038$020140332$w08A30b
=653  \\$aEffen, J. van $338$931395$020140332$w08A30b
=653  \\$aIssendorp, H.$317-28$933132$020140332$w08A30a
=653  \\$aTaylor_oogarts$364$936761$020140332$w08A30c
=653  \\$aTe Deum$365, 69$923511$020140332$w08A30a
=653  \\$aTitsingh, A.$340-43, 104-116$936958$020140332$w08A30a
=653  \\$aTrip, fam. $322$937172$020140332$w08A30b
=653  \\$aTrip, Jan$316$937173$020140332$w08A30a
=856  \\$uhttps://books.google.be/books?id=TEJaAAAAcAAJ$3vol. 8
=856  \\$uhttps://books.google.be/books?id=l9yB8-vOvdYC$3vol. 9
=856  \\$uhttps://books.google.be/books?id=Z0JaAAAAcAAJ$3vol. 10
=856  \\$uhttps://books.google.be/books?id=L-RWAAAAcAAJ$3vol. 10
=942  \\$cBOO
=952  \\$00$10$2ddc$40$6KTS_1_000000000000000_C3_01_08A30$70$8RAR$91801$aORPH$bORPH$cKTS1_C3$d2020-07-08$eKoopman$l0$oKTS1 C3.01 08A30$p20140332$r2021-01-12 00:00:00$w2021-01-12$yBOO
=999  \\$d1801

