=LDR  03430aam a2200421   4500
=001  1802
=005  20251001162312.0
=008  230328i17591761|||a||||\||||\00|\f\dut\d
=041  \\$adut
=100  1\$aHervey, James$d1714-1758$4aut$1http://www.wikidata.org/entity/Q3161151$96286
=245  \\$aTheron en Aspasio$bof reeks van godvrugtige gesprekken en brieven over de gewichtigste, noodigste, en nuttigste onderwerpen
=250  \\$a2nd ed.
=260  \\$aAmsterdam$bMeijer$c1759-61
=300  \\$a4 vols. (xxviii-[vi]-360+[vi]-398+[iv]-384+[viii]-464 pages)$bleather bound, gild embossed spine, marbled edges, engraved title page, illustrations
=500  \\$aOriginally 'Theron and Aspasio, or A Series of Letters Upon the Most Important and Interesting Subjects' (1755). The publication initiated the second stage of the Calvinistic Controversy, which then took the form of a dispute about the imputed righteousness of Christ. This dispute lasted until 1768 when the expulsion of six Calvinistic Methodist students from the University of Oxford precipitated the third and final stage of the Controversy.
 
=500  \\$adedicated to Lady Frances (Fanny) Shirley (1707-1778), a famous beauty, and from 1739 devotee of her niece's sect of Calvinistic Methodism, later to be known as Lady Huntingdon's Connexion.
=500  \\$aJames Hervey (1714-1758) wrote devotional literature in a bombastic style
=500  \\$anicely illustrated with 24 plates engraved by Simon Fokke, title page engraving after Pieter Meyer 1758.
=561  \\$aEx libris R. Baers (stamp)
=590  \\$aDoor J. Hervey, M. A., bedienaer des H. Evangeliums, en Bestierder van de Stigting te Weston-Favell. Uit het Engelsch vertaald
=648  \0$a18th Century (1701-1800)$1http://www.wikidata.org/entity/Q7015$920899
=650  \0$aReligion$1http://www.wikidata.org/entity/Q9174$93062
=650  \0$aMoral education$1http://www.wikidata.org/entity/Q25457248$93171
=650  \0$aPoetry$1http://www.wikidata.org/entity/Q482$93026
=650  \0$aLiterature$1http://www.wikidata.org/entity/Q8242$94439
=650  \0$aTheology$1http://www.wikidata.org/entity/Q34178$93009
=650  \0$aMusic philosophy and aesthetics$1http://www.wikidata.org/entity/Q2092865$921165
=700  \\$4egr$aFokke, Simon$d1712-1784$1http://www.wikidata.org/entity/Q2645552$95881
=856  \\$uhttps://books.google.be/books?id=Gw5iAAAAcAAJ$3vol.1
=856  \\$uhttps://books.google.be/books?id=OEKmjmVuA9IC$3vol.2
=856  \\$uhttps://books.google.be/books?id=LCc1YUk6UlcC$3vol.3
=856  \\$uhttps://books.google.be/books?id=E1dkAAAAcAAJ$3vol.4
=942  \\$cBOO
=952  \\$00$10$2ddc$3vol. 1$40$6KTS_1_000000000000000_C3_01_08A31_1$70$8RAR$91802$aORPH$bORPH$cKTS1_C3$d2020-07-08$eKoopman$l0$oKTS1 C3.01 08A31_1$p20140333$r2021-01-12 00:00:00$w2021-01-12$yBOO
=952  \\$00$10$2ddc$3vol. 2$40$6KTS_1_000000000000000_C3_01_08A31_2$70$8RAR$922591$aORPH$bORPH$cKTS1_C3$d2020-07-08$eKoopman$l0$oKTS1 C3.01 08A31_2$p20140334$r2023-03-28 00:00:00$w2021-01-12$yBOO
=952  \\$00$10$2ddc$3vol. 3$40$6KTS_1_000000000000000_C3_01_08A31_3$70$8RAR$922592$aORPH$bORPH$cKTS1_C3$d2020-07-08$eKoopman$l0$oKTS1 C3.01 08A31_3$p20140335$r2023-03-28 00:00:00$w2021-01-12$yBOO
=952  \\$00$10$2ddc$3vol. 4$40$6KTS_1_000000000000000_C3_01_08A31_4$70$8RAR$922593$aORPH$bORPH$cKTS1_C3$d2020-07-08$eKoopman$l0$oKTS1 C3.01 08A31_4$p20140336$r2023-03-28 00:00:00$w2021-01-12$yBOO
=999  \\$d1802

