=LDR  01131aam a2200241   4500
=001  1803
=008  230328s1766\\\\|||g||||\||||\00|\0\fre\d
=041  \\$afre
=059  \\$av
=100  \\$d1720-1780$aLacassagne, Joseph$4aut$1http://www.wikidata.org/entity/Q113806425$96288
=245  \\$aTraité général des éléments du chant
=250  \\$a1st ed.
=260  \\$aParis; Versailles$bLacassagne; Duchesne; Fournier$c1766
=300  \\$a[viii]-189 pages$bleather bound, gilt embossed spine, red edges, music examples
=500  \\$aDedicated to the Dauphin (Louis XVI)
=648  \0$a18th Century (1701-1800)$1http://www.wikidata.org/entity/Q7015$920899
=650  \0$aMethod$1http://www.wikidata.org/entity/Q2250960$921402
=650  \0$aSinging$1http://www.wikidata.org/entity/Q27939$92767
=651  \0$aFrance$1http://www.wikidata.org/entity/Q142$9131
=856  \\$uhttps://gallica.bnf.fr/ark:/12148/btv1b8623291j$3Gallica
=942  \\$cBOO
=952  \\$00$10$2ddc$40$6KTS_1_000000000000000_C3_02_08A32$70$8RAR$91803$aORPH$bORPH$cKTS1_C3$d2020-07-08$eKoopman$l0$oKTS1 C3.02 08A32$p20140343$r2021-01-12 00:00:00$w2021-01-12$yBOO
=999  \\$d1803

