=LDR  01576    a2200277   4500
=001  1804
=008  230328r17941793||||||||\||||\00|\0\dut\d
=041  \\$adut
=245  \\$aAlgemeene geschiedenis der tegenwoordige eeuw$nvols. 1-4
=260  \\$aHarlingen$bvan der Plaats$c1794
=300  \\$a4 vols. (381-[1]-381-[1]+379-[1]-347-[1] pages)$b5-6+7-7 plates inserted
=500  \\$a4 volumes in 2
=534  \\$aoriginally published in 1793
=561  \\$aEx libris Balink (?) (manuscript) & C.A. Schouten (Stamp)
=590  \\$aMet plaaten
=648  \0$a18th Century (1701-1800)$1http://www.wikidata.org/entity/Q7015$920899
=650  \0$aHistory$1http://www.wikidata.org/entity/Q309$921403
=651  \0$aNetherlands$1http://www.wikidata.org/entity/Q55$9173
=651  \0$aEurope$1http://www.wikidata.org/entity/Q46$991
=653  \0$aAmsterdam_schouwburg$384 afb$020140338$w08A33_03$928672
=653  \0$aBoerhave, H.$3280 afb.$020140338$w08A33_01$929711
=856  \\$uhttps://www.delpher.nl/nl/boeken/results?query=Algemeene+geschiedenis+der+tegenwoordige+eeuw&coll=boeken$3National Library of the Netherlands
=942  \\$cBOO
=952  \\$00$10$2ddc$3vols. 1-2$40$6KTS_1_000000000000000_C3_02_08A33_0102$70$8RAR$91804$aORPH$bORPH$cKTS1_C3$d2020-07-08$eKoopman$i08A33_01-02$l0$oKTS1 C3.02 08A33_01-02$p20140338$r2021-01-12 00:00:00$w2021-01-12$yBOO
=952  \\$00$10$2ddc$3vols. 3-4$40$6KTS_1_000000000000000_C3_02_08A33_0304$70$8RAR$922595$aORPH$bORPH$cKTS1_C3$d2020-07-08$eKoopman$i08A33_03-04$l0$oKTS1 C3.02 08A33_03-04$p20140339$r2023-03-28 00:00:00$w2021-01-12$yBOO
=999  \\$d1804

