=LDR  07006aam a2201093   4500
=001  1805
=005  20250925143255.0
=008  230329s1906\\\\|||ga|||\||||\00|\0dger\d
=041  \\$ager
=100  \\$aValentin, Caroline$d1855-1923$4aut$1http://www.wikidata.org/entity/Q23071985$96289
=245  \\$aGeschichte der Musik in Frankfurt am Main: vom Anfange des XIV. bis zum Anfange des XVIII. Jahrhunderts
=260  \\$aFrankfurt am Main$bVölckers$c1906
=300  \\$axii-280-[16] pages$bmusic examples, illustrations, portraits
=500  \\$aCaroline Valentin was a German musicologist. Her main work is the Geschichte der Musik in Frankfurt am Main, published in 1906 on behalf of the Verein für Geschichte und Alterthumskunde. She also wrote essays and articles for the Frankfurter Zeitung as well as for various specialist journals, including above all the Monatshefte für Musikgeschichte published by the Gesellschaft für Musikforschung. She wrote several biographies for the Allgemeine Deutsche Biographie and participated in the planning for a Frankfurt biography to be commissioned by the Frankfurter Historische Kommission.
=648  \0$a20th Century (1901-2000)$1http://www.wikidata.org/entity/Q6927$920936
=650  \0$aMusic history$1http://www.wikidata.org/entity/Q846047$921373
=651  \0$aFrankfurt am Main (Germany)$1http://www.wikidata.org/entity/Q1794$921575
=653  \0$a??$3afb.vii$020140344$w08A34$928331
=653  \0$aa =$3131$020140344$w08A34$928388
=653  \0$aad lib. bezetting$383, 92, 106, 164, 165, 166, 194, 196, 201, 269$020140344$w08A34$928471
=653  \0$aBach, familie$3190$020140344$w08A34$928911
=653  \0$aBach, J.E.$3218$020140344$w08A34$928924
=653  \0$ablokfluit$3afb.vii$020140344$w08A34$929645
=653  \0$aBöddecker, P.F.$3155, 159, 160, 167, 168$020140344$w08A34$929665
=653  \0$abasso continuo_klavecimbel$3202, 203$020140344$w08A34$929193
=653  \0$aboekprijs$399, 267-269$020140344$w08A34$929701
=653  \0$abespeler van meer instrumenten$329, 133, 134, 155, 162, 169, 171, 189, 212$020140344$w08A34$929498
=653  \0$aCapricornus, S.$3160$020140344$w08A34$930227
=653  \0$acastraten$3171$020140344$w08A34$930282
=653  \0$acompositieloon$382, 91, 124, 133, 158, 159, 162, 165, 224$020140344$w08A34$930641
=653  \0$aconcerten$3197, 233, 234$020140344$w08A34$930655
=653  \0$aorgel in eredienst$320, 21, 69$020140344$w08A34$935479
=653  \0$aorgel_in middeleeuwen$310, 11, 20, 21, 27-33, 41, 42, 69$020140344$w08A34$935509
=653  \0$aorkestbezetting$3122, 169, 170, 174, 190, 191, 192, 211, 212, 251, 252$020140344$w08A34$935611
=653  \0$aoud-nieuw$318$020140344$w08A34$935651
=653  \0$adirigent$312$020140344$w08A34$931092
=653  \0$adrukfouten$3106$020140344$w08A34$931221
=653  \0$adulciaan$3189, 266, afb.vii$020140344$w08A34$931287
=653  \0$apietisme$3179, 182-185, 217$020140344$w08A34$935971
=653  \0$aPraetorius, M.$3164, 165, 268$020140344$w08A34$936131
=653  \0$aprijs van blokfluit$3266$020140344$w08A34$936159
=653  \0$aprijs van contrabas$399$020140344$w08A34$936161
=653  \0$aprijs van dulciaan$3266$020140344$w08A34$936164
=653  \0$afagot$3189, 207, 208, 209, 266, afb.vii$020140344$w08A34$931585
=653  \0$aprijs van zink$399$020140344$w08A34$936201
=653  \0$astemmen van muziekinstrumenten tijdens kerkdienst$3136$020140344$w08A34$936551
=653  \0$aFranse invloed in Duitsland$3220, 222$020140344$w08A34$931878
=653  \0$agamba$353, 196, beilage v, beilage vii$020140344$w08A34$931995
=653  \0$agemeentezang en polyfonie$3125, 126$020140344$w08A34$932104
=653  \0$aTelemann, G.P.$3222-254, afb.viii$020140344$w08A34$936796
=653  \0$aGottsched$3250$020140344$w08A34$932285
=653  \0$atrombone$3afb.vii$020140344$w08A34$937186
=653  \0$aharp$360, 133, 162$020140344$w08A34$932582
=653  \0$aHerbst, J.A.$3124-126, 126-157, 162-175, 193, 198, afb.vii$020140344$w08A34$932720
=653  \0$aVirdung, S.$358$020140344$w08A34$937625
=653  \0$ainventaris$358, 131, 169, 70, 194-196, 206-208, 263-273$020140344$w08A34$933115
=653  \0$aItaliaanse invloed in Duitsland$3164, 165, 186$020140344$w08A34$933141
=653  \0$ajongenssopraan$3129?, 185, 186, 190, 191$020140344$w08A34$933241
=653  \0$aWohltemperierte Clavier vóór J.S. Bach$3212$020140344$w08A34$938032
=653  \0$azink$3afb.vii$020140344$w08A34$938157
=653  \0$aregaal$3130, 136, 156, 266$020140344$w08A34$938302
=653  \0$akoor/orkestopstelling$3109$020140344$w08A34$933679
=653  \0$akoorbezetting$3185, 190, 191, 192, 211, 212, 215, 251, 252$020140344$w08A34$933680
=653  \0$akwint/oktaafparallellen$3164$020140344$w08A34$933824$asalaris$314, 15-17, 44, 81, 89, 90, 92, 93, 94, 98, 100, 101, 109, 121, 129, 130, 132, 133, 135, 142, 157, 158, 161, 162, 165, 169, 174, 185, 186, 191, 206, 213-216, 217, 218, 222, 223, 224, 243, 251$020140344$w08A34$938697
=653  \0$aschalmei$3100, afb.vii$020140344$w08A34$938803
=653  \0$aScheidt, S.$3265, 269$020140344$w08A34$938823
=653  \0$aluit$360, 133, 197, afb.41$020140344$w08A34$934262
=653  \0$aSchütz, H.$3123, 124, 178$020140344$w08A34$939007
=653  \0$ascordatura$3160$020140344$w08A34$939028
=653  \0$asnaren$3100$020140344$w08A34$939189
=653  \0$ameerkorigheid$3121, 142, 187$020140344$w08A34$934594
=653  \\$abeschilderde orgelluiken$3137, 141$929489$020140344$w08A34
=653  \\$aBöddecker, H.$3155, 159, 160, 167, 168$929664$020140344$w08A34
=653  \\$aBodinus, C.$3251$929671$020140344$w08A34
=653  \\$aBriegel, W.G.$3195, 196, 198, 199, 209$929939$020140344$w08A34
=653  \\$acalchedon$3229$930128$020140344$w08A34
=653  \\$aDedekind, C.C.$3170, 195$930981$020140344$w08A34
=653  \\$adirigent en solist$3216$931093$020140344$w08A34
=653  \\$aentréeprijs$3255$931492$020140344$w08A34
=653  \\$aFrankfurt$3wb$931865$020140344$w08A34
=653  \\$aKindermann, J.E.$3159$933405$020140344$w08A34
=653  \\$aKühnel, A.$3170, 171, 186$933785$020140344$w08A34
=653  \\$aKühnel, J.D.$3170, 171, 186$933786$020140344$w08A34
=653  \\$aPaumann, K.$329$935805$020140344$w08A34
=653  \\$aprijs van pommer$399?$936186$020140344$w08A34
=653  \\$aprijs van regaal$3266$936190$020140344$w08A34
=653  \\$aprijs van trombone$343, 93, 99, 266$936196$020140344$w08A34
=653  \\$aprijs van trompet$345$936197$020140344$w08A34
=653  \\$aschoolindeling (tijdplan van hoeveel muziek-uren)$390$938942$020140344$w08A34
=653  \\$aWidmann, E.$3153, 154$937950$020140344$w08A34
=856  \\$uhttps://archive.org/details/bub_gb_7cwqAAAAYAAJ/mode/2up$3Internet Archive
=942  \\$cBOO
=952  \\$00$10$2ddc$40$6KTS_1_000000000000000_C3_02_08A34$70$8RAR$91805$aORPH$bORPH$cKTS1_C3$d2020-07-08$eKoopman$l0$oKTS1 C3.02 08A34$p20140344$r2021-01-12 00:00:00$w2021-01-12$yBOO
=999  \\$d1805

