=LDR  02806aam a2200409   4500
=001  1806
=008  230329s1708\\\\|||a||||\||||\00|\0dlat\d
=041  \\$alat
=100  \\$aSuetonius Tranquillius, Gaius$dc69-c122$4aut$1http://www.wikidata.org/entity/Q10133$95034
=240  \\$aThe Twelve Caesars
=245  \\$aC. Suetonius Tranquillus
=246  \1$aDe Vita Caesarum
=246  \1$aThe Life of the Caesars
=250  \\$a3rd ed.
=260  \\$aUtrecht$bPoolsum$c1708
=300  \\$a[xv]-829-79-[2]-110-[151] pages$bbound in white vellum, embossed, illustrations, engraved frontispiece, inserted folded pages
=500  \\$ahistory of the Emperors
=500  \\$aSuetonius was a Roman historian who wrote during the early Imperial era of the Roman Empire. His most important surviving work is a set of biographies of 12 successive Roman rulers, from Julius Caesar to Domitian, properly titled De vita Caesarum. Other works by Suetonius concerned the daily life of Rome, politics, oratory, and the lives of famous writers, including poets, historians, and grammarians. A few of these books have partially survived, but many have been lost. 
=500  \\$asee also 02B10, 09D16 and 10D13
=500  \\$aCharles Patin was a French physician and numismatist.
=500  \\$aExtensive index by Matthiae Bernecceri
=504  \\$acontains extensive index
=590  \\$aEx recensione Joannis Georgii Graevii com ejusdem animadversonibus, ut et commentario integro Laevini Torrentii, Isaaci Casauboni, Theodori Marcilii, et cum notis ac numismatibus, quibus illustratus est a Carolo Patino accedunt natae selectiores aliorum, Editio tertia auctior & emendatior
=648  \0$aClassical Antiquity (8th Century BC-6th Century AD)$1http://www.wikidata.org/entity/Q486761$921435
=650  \0$aHistory$1http://www.wikidata.org/entity/Q309$921403
=650  \0$aNumismatics$1http://www.wikidata.org/entity/Q631286$925475
=700  \\$4aut$aGrævius, Joannes Georgius$d1632-1703$1http://www.wikidata.org/entity/Q67599$96290
=700  \\$4aut$aTorrentius, Lævinius$d1525-1595$1http://www.wikidata.org/entity/Q27599723$94877
=700  \\$4aut$aCasaubon, Isaac$d1559-1614$1http://www.wikidata.org/entity/Q436002$96292
=700  \\$4aut
=700  \\$4aut$aMarcile, Théodore $d1548-1617$1http://www.wikidata.org/entity/Q3526460$96293
=700  \\$4ctb$aPatin, Charles$d1633-1693$1http://www.wikidata.org/entity/Q503502$925947
=700  \\$4ctb$aBernegger, Matthias $d1582-1640$1http://www.wikidata.org/entity/Q104688$925951
=856  \\$uhttps://books.google.be/books?id=4-vgv-B2D3UC$3Google Books
=942  \\$cBOO
=952  \\$00$10$2ddc$40$6KTS_1_000000000000000_C3_02_08A35$70$8RAR$91806$aORPH$bORPH$cKTS1_C3$d2020-07-08$eKoopman$l0$oKTS1 C3.02 08A35$p20140345$r2021-01-12 00:00:00$w2021-01-12$yBOO
=999  \\$d1806

