=LDR  01663aam a2200289   4500
=001  1807
=008  210817r17901786|||af|||\||||\00|\0\dut\d
=041  \\$adut$hger
=100  \\$aEngel, Johann Jacob$d1741-1802$4aut$1http://www.wikidata.org/entity/Q71442$95179
=245  \\$aDe kunst van nabootzing door gebaarden
=260  \\$aHaarlem$bvan Walré$c1790
=300  \\$a2 vols. (xvi-334+viii-252 pages)$b23 + 11 plates inserted
=500  \\$aThe translator's foreword in vol. 2 is dated 7 November 1791
=500  \\$avol. 1 contains a list of subscribers
=534  \\$aOriginally published in 1785/86$ovol. 1: https://books.google.be/books?id=I7FDAAAAcAAJ$ovol. 2: https://books.google.be/books?id=LLFDAAAAcAAJ
=648  \0$a18th Century (1701-1800)$1http://www.wikidata.org/entity/Q7015$920899
=650  \0$aGesticulation$1http://www.wikidata.org/entity/Q1519539$922031
=650  \0$aTheater$1http://www.wikidata.org/entity/Q24354$92225
=651  \0$aBerlin (Germany)$1http://www.wikidata.org/entity/Q64$948
=700  \\$4trl$aKonijnenburg, Johan$dfl. 1790$96294
=765  \\$aIdeen zu einer Mimik
=856  \\$uhttps://books.google.be/books?id=ZxNjAAAAcAAJ$3vol. 1
=856  \\$uhttps://books.google.be/books?id=sxFjAAAAcAAJ$3vol. 2
=942  \\$cBOO
=952  \\$00$10$2ddc$3vol. 2$40$6KTS_1_000000000000000_C2_19_08B01_02$70$8RAR$91807$aORPH$bORPH$cKTS1_C2$d2020-07-08$eKoopman$oKTS1 C2.19 08B01_02$p20137169$r2021-01-12 00:00:00$w2021-01-12$yBOO
=952  \\$00$10$2ddc$3vol. 1$40$6KTS_1_000000000000000_C2_19_08B01_01$70$8RAR$921509$aORPH$bORPH$cKTS1_C2$d2020-07-08$eKoopman$l0$oKTS1 C2.19 08B01_01$p20138814$r2022-05-11 00:00:00$w2021-01-12$yBOO
=999  \\$d1807

