=LDR  02495aam a2200337   4500
=001  1808
=008  220510s1882\\\\|||a||||\||||\00|\i\fre\d
=041  \\$afre$alat$adut
=100  \\$aHuygens, Constantijn$d1596-1687$4aut$4cmp$1http://www.wikidata.org/entity/Q560746$95174
=245  \\$aMusique et musiciens au XVIIe siècle :$bCorrespondance et œuvres musicales
=260  \\$aLeiden$bBrill$c1882
=300  \\$accxci-[7]-84-[81] pages
=336  \\$aprinted
=500  \\$acited in Koopman 1985, p. 13
=500  \\$aThe collection Pathodia sacra et profana contains compositions by the scholar and composer Constantijn Huygens. It contains 39 compositions for voice and basso continuo: twenty psalms and nineteen "airs", twelve of which are on Italian poems and seven on French. The first word in the title, "pathodia", is described by the musicologist Rudolf Rasch as a 'Huygenian neologism', a contraction of 'pathos' (feeling, passion) and 'odè' (singing). This word seems to indicate a relationship with Joan Albert Bans' 'musica flexanima'.
=500  \\$aThe name of the composer is missing from the title page of the 'Pathodia sacra et profana'. Instead it reads the cryptic "occupati", usually translated as "of a busy man". With this Huygens indicates that he is not a professional musician. In his letters, he often refers to his compositions.
=501  \\$aHuygens' 'Pathodia sacra et profana' (1647); collotype printing by M.L. Verveer
=648  \0$a17th Century (1601-1700)$1http://www.wikidata.org/entity/Q7016$920923
=648  \0$a19th Century (1801-1900)$1http://www.wikidata.org/entity/Q6955$920935
=650  \0$aCorrespondence$1http://www.wikidata.org/entity/Q1784733$921392
=650  \0$aMusic theory$1http://www.wikidata.org/entity/Q193544$92662
=650  \0$aMusic history$1http://www.wikidata.org/entity/Q846047$921373
=650  \0$aVocal music$1http://www.wikidata.org/entity/Q685884$93319
=650  \0$aPsalm$1http://www.wikidata.org/entity/Q12497663$92164
=650  \0$aAir$1http://www.wikidata.org/entity/Q406714$924073
=651  \0$aNetherlands$1http://www.wikidata.org/entity/Q55$9173
=700  \\$4edt$aJonckbloet, W. J. A.$d1817-1885$96900
=700  \\$4edt$aLand, Jan Pieter Nicolaas$d1834-1897$1http://www.wikidata.org/entity/Q2312130$922986
=942  \\$cBOO
=952  \\$00$10$2ddc$40$6KTS_1_000000000000000_C2_19_08B02$70$8RAR$91808$aORPH$bORPH$cKTS1_C2$d2020-07-08$eKoopman$oKTS1 C2.19 08B02$p20138777$r2021-01-12 00:00:00$w2021-01-12$yBOO
=999  \\$d1808

