=LDR  02299aam a2200241   4500
=001  1809
=008  220510s1865\\\\|||cf|||\||||\00|\p\dut\d
=041  \\$adut
=100  \\$aWap$cDr.$d1806-1880$4aut$96297
=245  \\$aBloemlezing:$bhonderd stuks uit de poëzy mijner laatste vijf-en-twintig jaren
=250  \\$a1st ed.
=260  \\$a's-Hertogenbosch$bBogaerts$c1865
=300  \\$a188-[4] pages
=500  \\$aJan Jacobus Franciscus Wap (1806-1880) was a Dutch scholar. He attended the gymnasium in Leiden, where he became acquainted with Bilderdijk, with whom he corresponded for some time. He studied for several years at Ghent University and was appointed teacher of Dutch language and literature in 1828 at the newly established Royal Military Academy in Breda. In 1837 he made a trip to Rome and obtained his doctorate in philosophy there.
=500  \\$aWap's first literary steps date from his time in Belgium; he was one of the founders of the Belgian Muses-Almanac and contributed as a critic to the magazine De Argus (1825-1826), published in Brussels. After his return to the Netherlands he founded the weekly magazine Argus (1828-1829), of which he was editor under the pseudonym Fr. Reland and in which he, with the help of his friend A. van der Hoop, among other things, fiercely protested against the drowsy national poetry; During this time he also anonymously published a sharp pamphlet against one of Rotterdam's poetic greats: Nieskruid for Mr J.L. Nierstrasz, Jr. (1828). His own poetry, however, also falls short of the standards of criticism and has not withstood the test of time; of more importance are some literary studies, but especially the account he made of his great European tour: My Journey to Rome in the Spring of 1837 (2 vols., 1838-39).
=500  \\$aContains a portrait (and signature?) of the author
=500  \\$aAutograph on front matter
=648  \0$a19th Century (1801-1900)$1http://www.wikidata.org/entity/Q6955$920935
=650  \0$aPoetry$1http://www.wikidata.org/entity/Q482$93026
=651  \0$aNetherlands$1http://www.wikidata.org/entity/Q55$9173
=942  \\$cBOO
=952  \\$00$10$2ddc$40$6KTS_1_000000000000000_C2_19_08B03$70$8RAR$91809$aORPH$bORPH$cKTS1_C2$d2020-07-08$eKoopman$oKTS1 C2.19 08B03$p20138795$r2021-01-12 00:00:00$w2021-01-12$yBOO
=999  \\$d1809

