=LDR  02534    a2200349   4500
=001  1812
=008  220510s1829\\\\||||||||\||||\00|\0beng\d
=041  \\$aeng
=100  \\$aFanshawe, Ann$d1625 - 1680$4aut$1http://www.wikidata.org/entity/Q1916372$96300
=245  \\$aMemoirs of Lady Fanshawe,$bwife of the Right Hon. Sir Richard Fanshawe, Bart. Ambassador from Charles the Second to the Court of Madrid in 1661. Written by herself.
=260  \\$aLondon$bColburn$c1829
=300  \\$alxiii-395-[5] pages$bengraved frontispiece, leather spine elaborately embossed with gold
=336  \\$aprinted
=500  \\$aAnn Fanshawe (boorn Harrison), was an English memoirist and cookery author. Her recipe for ice cream is thought to be the earliest recorded in Europe. 
=500  \\$aAfter the death of her husband Sir Richard Fanshawe (an English diplomat, poet and translator) Anne Fanshawe wrote her Memoir (1676), for use in the family, especially for her son. It offers a colorful account of their adventurous lives and also provides fascinating details about clothing and the varied customs they encountered during their travels. The Memoirs of Lady Fanshawe was not first published in full until 1829. A modern edition appeared in 1979
=500  \\$aRichard Fanshawe translated Guarini's 'Il Pastor Fido' into English, see 06F04
=500  \\$afrontispiece portrait of Lady Fanshawe, engraved by Meyer
=504  \\$aindex
=561  \\$aEx libris Henry Jenkinson (manuscript)
=590  \\$aTo which are added, extracts from the correspondence of Sir Richard Fanshawe
=600  \0$aFanshawe, Ann$d1625 - 1680$1http://www.wikidata.org/entity/Q1916372$96300
=648  \0$a17th Century (1601-1700)$1http://www.wikidata.org/entity/Q7016$920923
=648  \0$a19th Century (1801-1900)$1http://www.wikidata.org/entity/Q6955$920935
=650  \0$aHistory$1http://www.wikidata.org/entity/Q309$921403
=650  \0$aCorrespondence$1http://www.wikidata.org/entity/Q1784733$921392
=650  \0$aBiography$1http://www.wikidata.org/entity/Q36279$91927
=700  \\$4aut$aFanshawe, Richard$cSir$c1st Baronet$d1608-1666$1http://www.wikidata.org/entity/Q947693$96301
=856  \\$uhttps://books.google.be/books?id=olE6AAAAcAAJ$3Google Books
=856  \\$uhttps://www.gutenberg.org/cache/epub/6064/pg6064-images.html$3Project Gutenberg
=942  \\$cBOO
=952  \\$00$10$2ddc$40$6KTS_1_000000000000000_C2_19_08B06$70$8RAR$91812$aORPH$bORPH$cKTS1_C2$d2020-07-08$eKoopman$oKTS1 C2.19 08B06$p20138805$r2021-01-12 00:00:00$w2021-01-12$yBOO
=999  \\$d1812

