=LDR  01045aam a2200253   4500
=001  1815
=003  OI
=005  20250121142104.0
=008  210224s1735\\\\\\\a||||\||||\00|\p\dut\d
=041  \\$adut
=100  \\$aRotgans, Lukas$d1654-1710$4aut$1http://www.wikidata.org/entity/Q2234173$94983
=245  \\$aBoerekermis
=260  \\$aAmsterdam$bSchoonenburg$c1735
=300  \\$a48 pages$bengraved printers emblem and two full page engravings
=336  \\$aprinted
=534  \\$aoriginally published in 1708
=590  \\$aQuantum est in rebus inane!
=648  \0$a18th Century (1701-1800)$1http://www.wikidata.org/entity/Q7015$920899
=650  \0$aPoetry$1http://www.wikidata.org/entity/Q482$93026
=651  \0$aNetherlands$1http://www.wikidata.org/entity/Q55$9173
=856  \\$uhttps://books.google.be/books?id=acE3zQEACAAJ$3Google Books
=942  \\$cBOO
=952  \\$00$10$2ddc$40$6KTS_1_000000000000000_C2_19_08B09$70$8RAR$91815$aORPH$bORPH$cKTS1_C2$d2020-07-08$eKoopman$oKTS1 C2.19 08B09$p20138802$r2021-01-12 00:00:00$w2021-01-12$yBOO
=999  \\$d1815

