=LDR  01568    a2200313   4500
=001  1816
=008  210705s1785\\\\\\\c||||\||||\00|\p\dut\d
=041  \\$adut
=100  \\$aNomsz, Johannes$d1738-1803$4aut$1http://www.wikidata.org/entity/Q56199292$912655
=245  \\$aVaderlandsche brieven
=260  \\$aAmsterdam$bHoltrop$c1785
=300  \\$a2 vols. in 1 (xvi-53-68-i pages)
=336  \\$aprinted
=500  \\$atwo volumes bound together
=500  \\$awith engraved portraits of the key figures (Louisa de Coligny, Maurits, the Duke of Parma, Johan van Oldenbarnevelt, Hugo de Groot etc.)
=648  \0$a18th Century (1701-1800)$1http://www.wikidata.org/entity/Q7015$920899
=650  \0$aPoetry$1http://www.wikidata.org/entity/Q482$93026
=650  \0$aHistory$1http://www.wikidata.org/entity/Q309$921403
=651  \0$aNetherlands$1http://www.wikidata.org/entity/Q55$9173
=653  \0$aGroot, H. de$318-27$020138803$w08B10b$932424
=653  \\$aNassau, Lodewijk van $357-68$935155$020138803$w08B10b
=653  \\$aReigersbergen, Maria van $318-27$938347$020138803$w08B10b
=653  \\$aVinkeles, R.$3tp$937575$020138803$w08B10a
=653  \\$aVinkeles, R.$3tp$937575$020138803$w08B10b
=856  \\$uhttps://resolver.kb.nl/resolve?urn=dpo:1442:mpeg21:0005$3Eerste stuk
=856  \\$uhttps://resolver.kb.nl/resolve?urn=dpo:1451:mpeg21:0005$3Tweede stuk
=942  \\$cBOO
=952  \\$00$10$2ddc$40$6KTS_1_000000000000000_C2_19_08B10$70$8RAR$91816$aORPH$bORPH$cKTS1_C2$d2020-07-08$eKoopman$oKTS1 C2.19 08B10$p20138803$r2021-01-12 00:00:00$w2021-01-12$yBOO
=999  \\$d1816

