=LDR  08596aam a2201561   4500
=001  1817
=005  20251003085455.0
=008  211123s1610\\\\\\\|||||\c|||\00|\0\lat\d
=041  \\$alat$afre
=100  \\$aDraud, Georg$d1573-1635$4aut$1http://www.wikidata.org/entity/Q28938331$96304
=245  \\$aBibliotheca exotica, sive Catalogus officinalis librorum peregrinis linguis usualibus scriptorum
=260  \\$aFrankfurt am Main$bKopf$c1610
=300  \\$a219 pages
=500  \\$aOffers lists of mainly French (and Italian and Spanish) books, printed between 1500 and 1610, sorted by subject.
=500  \\$aPrinter's emblem on title page
=501  \\$aBound in with 'Bibliotheca librorum germanicorum classica' (1611)
=590  \\$aVidelicet Gallica, Italica, Hispanica, Belgica, Anglica, Danica, Bohemica, Ungarica, &c. omnium, quotquot in officinis bibliopolarum indagari potuerunt, & in Nundinis Francofurtensibus prostant, ac venales habentur. La Bibliothèque universail, contenant le catalogue de tous les livres, qui ont esté imprimés ce siècle passé aux langues Françoise, Italienne, Espaignole, & autres, qui sont auijourdhuy plus communes, despuis l'an 1500 iusques à l'an présent 1610, distribuée en certain ordre selon les matières y contenues, & les surnoms des Autheurs.
=648  \0$a17th Century (1601-1700)$1http://www.wikidata.org/entity/Q7016$920923
=650  \0$aBibliography$1http://www.wikidata.org/entity/Q134995$93965
=650  \0$aLibrary$1http://www.wikidata.org/entity/Q7075$94229
=650  \0$aCatalogue$1http://www.wikidata.org/entity/Q2352616$921484
=653  \0$aad lib. bezetting$3168, 206$020138804b$w08B11b$928471
=653  \0$aAgazzarri$3206$020138804b$w08B11b$928518
=653  \0$aAnerio, F.$3206$020138804b$w08B11b$928694
=653  \0$aArcadelt, J.$3167$020138804b$w08B11b$928753
=653  \0$aAttaignant, P.$3168$020138804b$w08B11b$928853
=653  \0$aBanchieri, A.$3206$020138804b$w08B11b$929063
=653  \0$aBourgeois, L.$3168$020138804b$w08B11b$929840
=653  \0$amuziek_algemeen$3167-170, 206-209, 218$020138804b$w08B11b$935036
=653  \0$acister$3170, 218$020138804b$w08B11b$930490
=653  \0$adiminuties$3206$020138804b$w08B11b$931087
=653  \0$aPevernage, A.$3170, 207$020138804b$w08B11b$935901
=653  \0$aechoeffekt$3209$020138804b$w08B11b$931377
=653  \0$aeconomie$388-90$020138804b$w08B11b$931381
=653  \0$aFerrabosco, M.$3206$020138804b$w08B11b$931680
=653  \0$afilosofie$382-88, 129-133, 186-187, 195-199, 213-214, 217$020138804b$w08B11b$931708
=653  \0$aGabrieli, A.$3206$020138804b$w08B11b$931960
=653  \0$aGabrieli, G.$3206$020138804b$w08B11b$931962
=653  \0$aSweelinck, J.P.$3170, 218$020138804b$w08B11b$936692
=653  \0$aGalilei, V.$3206$020138804b$w08B11b$931982
=653  \0$aGastoldi, J.$3206$020138804b$w08B11b$932027
=653  \0$ageneeskunde$352-61, 177, 178$020138804b$w08B11b$932113
=653  \0$ageschiedenis$362-81, 91-119, 178-186, 187-195, 211-213, 216, 217$020138804b$w08B11b$932144
=653  \0$agitaar$3169$020138804b$w08B11b$932207
=653  \0$atheologie$31-43, 171-176, 210, 211, 215, 216, 219$020138804b$w08B11b$936895
=653  \0$aGoudimel, C.$3169, 170$020138804b$w08B11b$932292
=653  \0$aHassler, H.L.$3207$020138804b$w08B11b$932613
=653  \0$aVecchi, O.$3208$020138804b$w08B11b$937362
=653  \0$avuurwerk$3120$020138804b$w08B11b$937821
=653  \0$aJambe de Fer, P. $3169$020138804b$w08B11b$933183
=653  \0$aJeune, C. le$3169$020138804b$w08B11b$933212
=653  \0$awiskunde$3121-123, 127-129$020138804b$w08B11b$938009
=653  \0$aklavecimbel_Frankrijk 16e eeuw$3168$020138804b$w08B11b$933485
=653  \0$arechten $343-52, 177$020138804b$w08B11b$938280
=653  \0$aRegnard, F.$3170, 208$020138804b$w08B11b$938327
=653  \0$aretoriek$3140, 141$020138804b$w08B11b$938389
=653  \0$aLasso, O. di $3169, 170, 207$020138804b$w08B11b$933916
=653  \0$aluit$3168, 169, 170, 206, 207$020138804b$w08B11b$934262
=653  \0$aSchuyt, C.$3208$020138804b$w08B11b$939013
=653  \0$aMacque, G. de $3207$020138804b$w08B11b$934344
=653  \0$amandora$3168$020138804b$w08B11b$934420
=653  \0$aMarenzio, L.$3207$020138804b$w08B11b$934462
=653  \0$aMonte, P. de$3169$020138804b$w08B11b$934841
=653  \\$aBaffida, G.$3206$929020$020138804b$w08B11b
=653  \\$aBarbet, A.$3167$929076$020138804b$w08B11b
=653  \\$aBellasio, P.$3206$929393$020138804b$w08B11b
=653  \\$aBellin, G.$3167$929400$020138804b$w08B11b
=653  \\$aBernard, E.$3167$929456$020138804b$w08B11b
=653  \\$aBertrand, A. de $3168$929485$020138804b$w08B11b
=653  \\$aBlockland, C. de$3168$929641$020138804b$w08B11b
=653  \\$aBovicelli, B.$3206$929858$020138804b$w08B11b
=653  \\$aBrayssingar, G. de$3168$929892$020138804b$w08B11b
=653  \\$aBrunel, P. $3168$929990$020138804b$w08B11b
=653  \\$aBuns, J.$3168$930025$020138804b$w08B11b
=653  \\$aCastro, J. de$3168, 206$930289$020138804b$w08B11b
=653  \\$aChardavoins, J.$3168$930401$020138804b$w08B11b
=653  \\$aCornet, S.$3168$930750$020138804b$w08B11b
=653  \\$aCosteley, G.$3168$930770$020138804b$w08B11b
=653  \\$aEremita, J.$3206, 207$931504$020138804b$w08B11b
=653  \\$aEstocart, P. de l'$3169$931537$020138804b$w08B11b
=653  \\$aEstrée, J. d'$3168$931538$020138804b$w08B11b
=653  \\$aEuclydes$3168$931546$020138804b$w08B11b
=653  \\$aFaignant, N.$3206$931590$020138804b$w08B11b
=653  \\$aFavereo, J.$3206$931635$020138804b$w08B11b
=653  \\$aFerrier, M.$3168$931688$020138804b$w08B11b
=653  \\$aGaleno, G.B.$3206$931978$020138804b$w08B11b
=653  \\$aGendre, J. le $3168$932111$020138804b$w08B11b
=653  \\$aGighi, G.$3207$932186$020138804b$w08B11b
=653  \\$aGorlier, S.$3169$932276$020138804b$w08B11b
=653  \\$aGosselin, J.$3169$932279$020138804b$w08B11b
=653  \\$aHauville, A. de$3169$932630$020138804b$w08B11b
=653  \\$aJulien, P.$3169$933264$020138804b$w08B11b
=653  \\$aKerle (Kerk?), J. de$3207$933380$020138804b$w08B11b
=653  \\$aKisl, G.G.$3207$933429$020138804b$w08B11b
=653  \\$aMaillard, G.$3169$934368$020138804b$w08B11b
=653  \\$aManehou, M. de$3169$934423$020138804b$w08B11b
=653  \\$aModerne, J. $3168, 170$934792$020138804b$w08B11b
=653  \\$aMolaye, C. de$3169$934804$020138804b$w08B11b
=653  \\$aMontfort, C. de$3169$934859$020138804b$w08B11b
=653  \\$aNere, P. de$3207$935200$020138804b$w08B11b
=653  \\$aNeusiedler, M. $3207$935214$020138804b$w08B11b
=653  \\$aPaladin, A.F.$3169$935721$020138804b$w08B11b
=653  \\$aPalestrina$3206$935723$020138804b$w08B11b
=653  \\$aPallavicino, B.$3207$935730$020138804b$w08B11b
=653  \\$aPasquier, J.$3169$935781$020138804b$w08B11b
=653  \\$aPhilips, B.$3208$935928$020138804b$w08B11b
=653  \\$aPhinot, D.$3170$935932$020138804b$w08B11b
=653  \\$aPiccioli, G.A.$3208$935962$020138804b$w08B11b
=653  \\$aPontio, P.$3208$936070$020138804b$w08B11b
=653  \\$aRiccio, T.$3208$938420$020138804b$w08B11b
=653  \\$aRosard, P. $3168$938552$020138804b$w08B11b
=653  \\$aRota, A.$3208$938580$020138804b$w08B11b
=653  \\$aRoussel, F.$3170$938597$020138804b$w08B11b
=653  \\$aSanterre, P.$3170$938747$020138804b$w08B11b
=653  \\$aSartorius, P. $3208$938766$020138804b$w08B11b
=653  \\$aScandello, A.$3208$938787$020138804b$w08B11b
=653  \\$aSchagen, G.Z.$3170$938799$020138804b$w08B11b
=653  \\$aServin, J.$3170$939074$020138804b$w08B11b
=653  \\$asterrekunde$3124-127$936580$020138804b$w08B11b
=653  \\$aStriggio, A.$3208$936632$020138804b$w08B11b
=653  \\$aTollius, G.$3208$937000$020138804b$w08B11b
=653  \\$aTurini, G.$3208$937225$020138804b$w08B11b
=653  \\$aTurnhout, G.$3208$937237$020138804b$w08B11b
=653  \\$aVerdonck, C.$3170$937401$020138804b$w08B11b
=653  \\$aVinci, P.$3208$937564$020138804b$w08B11b
=653  \\$aVredeman, J.$3170$937799$020138804b$w08B11b
=653  \\$aYverdon, J.$3170$938066$020138804b$w08B11b
=653  \\$aZacharias, C.$3208$938071$020138804b$w08B11b
=653  \\$aZenara, G.$3208$938129$020138804b$w08B11b
=856  \\$uhttps://books.google.be/books?id=5uVEAAAAcAAJ$3Google Books
=942  \\$cBOO
=952  \\$00$10$2ddc$40$6KTS_1_000000000000000_C2_19_08B11B$70$8RAR$91817$aORPH$bORPH$cKTS1_C2$d2020-07-08$eKoopman$oKTS1 C2.19 08B11b$p20138804b$r2021-01-12 00:00:00$w2021-01-12$yBOO
=999  \\$d1817

