=LDR  11333aam a2201969   4500
=001  1818
=005  20251003085455.0
=008  211123s1611\\\\\\\|||||\c|||\00|\0\ger\d
=041  \\$ager
=100  \\$aDraud, Georg$d1573-1635$4aut$1http://www.wikidata.org/entity/Q28938331$96304
=245  \\$aBibliotheca librorum germanicorum classica.$bDas ist: Verzeichnuß aller und jeder Bücher, so fast bey dencklichen Jaren in Teutscher Spraach von allerhand Materien hin und wider in Truck außgangen, und noch den mehrertheil in Buchläden gefunden werden
=250  \\$a1st ed.
=260  \\$aFrankfurt am Main$bSaur$bKopff$c1611
=300  \\$a[v]-563-[xxx] pages
=500  \\$aOffers an influential library classification scheme that would be adopted by Leibniz, among others
=500  \\$aLast category of the classification is 'Teutsche Musicalische Bücher'
=501  \\$aBound in with 'Bibliotheca exotica' (1610)
=504  \\$aContains an index: 'Register der Autorum'
=563  \\$aRestored title page
=590  \\$aDarinnen nicht allein Jedere Facultet in ihre besondere Classes der gestalt ist abgetheilet, daß so wol die Materien, als auch die Autores (besonderlich nach ihren Zunamen, ordine alphabetico, sampt Anzeigung wann, wo, und in was Format oder Grösse ein jedes getruckt, gantz leichtlich und ohne besondere Mühe zu finden. Sondern auch Fast jede Bücher, welche nicht ein jeder zu seiner gebürenden Claß und Materien zu referiren wissenschafft hat, wohin ein jedes gehörig, mit einem Anleiung geschiehet, wol auch, wo dergleichen Materien anderwertlich zu finden, zu verst ändtlicher Nachtrichtung mit einer Anweissung gegeben wirdt. Durch M. Georgium Draudium. Adrianus Iunius inquit; Prurientem quiduis chartis illinendi libidinem infeliciter abortiri, cæcosque parere catulos
=648  \0$a17th Century (1601-1700)$1http://www.wikidata.org/entity/Q7016$920923
=650  \0$aBibliography$1http://www.wikidata.org/entity/Q134995$93965
=650  \0$aLibrary$1http://www.wikidata.org/entity/Q7075$94229
=650  \0$aCatalogue$1http://www.wikidata.org/entity/Q2352616$921484
=651  \0$aGermany$1http://www.wikidata.org/entity/Q183$9155
=653  \0$aad lib. bezetting$3545, 549, 550, 554, 556, 557, 558, 559, 560, 561, 562$020138804a$w08B11a$928471
=653  \0$aalchemie$3407, 408$020138804a$w08B11a$928573
=653  \0$aAmsterdam$3448$020138804a$w08B11a$928668
=653  \0$aarchitectuur$3408, 409, 449$020138804a$w08B11a$928755
=653  \0$aboekindex$3455$020138804a$w08B11a$929696
=653  \0$abattaglia$3462$020138804a$w08B11a$929216
=653  \0$aCalvisius, S.$3547, 560$020138804a$w08B11a$930145
=653  \0$aCompenius, H.$3549$020138804a$w08B11a$930619
=653  \0$aorgeltabulatuur$3550$020138804a$w08B11a$935604
=653  \0$aDemantius, C.$3550, 553, 555, 562$020138804a$w08B11a$931000
=653  \0$aoudheid$3408$020138804a$w08B11a$935664
=653  \0$aDürer, A.$3407$020138804a$w08B11a$931324
=653  \0$aPraetorius, M.$3551$020138804a$w08B11a$936131
=653  \0$aPulcherus, J.$3549$020138804a$w08B11a$936261
=653  \0$aquodlibet$3551, 558, 561$020138804a$w08B11a$936317
=653  \0$aFranck, M.$3545, 550, 551, 554, 555, 556, 557, 558, 562$020138804a$w08B11a$931853
=653  \0$agamba$3554$020138804a$w08B11a$931995
=653  \0$aGastoldi, J.J.$3560$020138804a$w08B11a$932028
=653  \0$ageneeskunde$3371-406, 432, 433$020138804a$w08B11a$932113
=653  \0$ageschiedenis$3445-544$020138804a$w08B11a$932144
=653  \0$atheologie$31-215, 217-347, 456, 457, 458, 498, 499$020138804a$w08B11a$936895
=653  \0$aGlareanus, H.$3553$020138804a$w08B11a$932216
=653  \0$atoneel$3461-466, 528-530$020138804a$w08B11a$937011
=653  \0$aHanze$3481$020138804a$w08B11a$932557
=653  \0$aVan den Vos Reynaerde$3434$020138804a$w08B11a$937338
=653  \0$aHassler, H.L.$3551, 553, 555, 557, 558$020138804a$w08B11a$932613
=653  \0$aVecchi, O. $3561, 562$020138804a$w08B11a$937363
=653  \0$avingerzetting$3550$020138804a$w08B11a$937568
=653  \0$aVulpius, M.$3548$020138804a$w08B11a$937819
=653  \0$avuurwerk$3419$020138804a$w08B11a$937821
=653  \0$ajongenssopraan$3545, 553, 554, 560$020138804a$w08B11a$933241
=653  \0$awijn$3442, 443$020138804a$w08B11a$937961
=653  \0$awiskunde$3409-412$020138804a$w08B11a$938009
=653  \0$arecht$3349-370, 501$020138804a$w08B11a$938277
=653  \0$aLasso, O. di $3548, 549, 559, 560$020138804a$w08B11a$933916
=653  \0$aLechner$3555, 558, 560, 561, 562$020138804a$w08B11a$933970
=653  \0$aLobwasser, A.$3548, 551, 556$020138804a$w08B11a$934165
=653  \0$aSchein, J.H.$3561$020138804a$w08B11a$938827
=653  \0$aluit$3546, 552$020138804a$w08B11a$934262
=653  \0$aSchuyt, C.$3553$020138804a$w08B11a$939013
=653  \0$aMarenzio, L.$3560, 561$020138804a$w08B11a$934462
=653  \0$aMorley, T.$3545$020138804a$w08B11a$934892
=653  \0$amuziek$3545-563$020138804a$w08B11a$934990
=653  \\$aAmmerbach, E.N.$3550$928661$020138804a$w08B11a
=653  \\$aAmsterdamse Psalmen 4-8 st$3556$928678$020138804a$w08B11a
=653  \\$aAugsburger confession$31-215, 450$928867$020138804a$w08B11a
=653  \\$aBartlet, J.C.$3552$929117$020138804a$w08B11a
=653  \\$aBerger, A.$3561$929439$020138804a$w08B11a
=653  \\$aBischop, C.$3556$929590$020138804a$w08B11a
=653  \\$aBodenschatz, E.$3547, 553$929669$020138804a$w08B11a
=653  \\$aBrade, W.$3554$929872$020138804a$w08B11a
=653  \\$aBrechtel, F.$3560, 562$929894$020138804a$w08B11a
=653  \\$aBurck, J. a$3546, 548, 550, 555, 558$930029$020138804a$w08B11a
=653  \\$aCarlstadt, J.$3549$930248$020138804a$w08B11a
=653  \\$aColerus. V.$3550$930582$020138804a$w08B11a
=653  \\$aDedekind, H.$3560$930982$020138804a$w08B11a
=653  \\$aDietrich, G.$3561$931072$020138804a$w08B11a
=653  \\$aDreßler, G.$3558$931207$020138804a$w08B11a
=653  \\$aEccard, J.$3558$931365$020138804a$w08B11a
=653  \\$aEhrus, J.$3550$931403$020138804a$w08B11a
=653  \\$aFaber, H.$3553, 554$931579$020138804a$w08B11a
=653  \\$aFranc, E.$3560$931851$020138804a$w08B11a
=653  \\$aFritsch, B.$3553, 554, 558$931925$020138804a$w08B11a
=653  \\$aFritzius, J.F.$3560$931930$020138804a$w08B11a
=653  \\$aFüllsack, Z.$3554$931947$020138804a$w08B11a
=653  \\$aGastritz, M.$3559$932029$020138804a$w08B11a
=653  \\$aGeser/Gesen/Gesius, B.$3548, 555$932145$020138804a$w08B11a
=653  \\$aGlaner, C.$3548, 549$932214$020138804a$w08B11a
=653  \\$aGoswin, A.$3560$932282$020138804a$w08B11a
=653  \\$aGuck, V.$3560$932463$020138804a$w08B11a
=653  \\$aGumpelshaimer, A.$3558, 561$932484$020138804a$w08B11a
=653  \\$aHabermann, J.$3547$932499$020138804a$w08B11a
=653  \\$aHage, G.$3557$932503$020138804a$w08B11a
=653  \\$aHagius, M.J. & C.$3556, 557, 560$932507$020138804a$w08B11a
=653  \\$aHarnisch, O.G.$3559, 560$932580$020138804a$w08B11a
=653  \\$aHaußmann, von$3545, 547, 550, 551, 553, 554, 555, 557, 558, 560, 561, 562, 563$932627$020138804a$w08B11a
=653  \\$aHelmboldt, L.$3547$932693$020138804a$w08B11a
=653  \\$aHemmelius, G.$3555$932701$020138804a$w08B11a
=653  \\$aHerold, J.$3555, 558$932736$020138804a$w08B11a
=653  \\$aHildebrandt, C.$3554$932775$020138804a$w08B11a
=653  \\$aHitzenauer, C.$3560$932802$020138804a$w08B11a
=653  \\$aHollander, C.$3549$932862$020138804a$w08B11a
=653  \\$aHöltzkin, J.$3562$932869$020138804a$w08B11a
=653  \\$aHoynol, B.$3560$932965$020138804a$w08B11a
=653  \\$aJapan$3486, 487$921369$020138804a$w08B11a
=653  \\$aKlingenstein, B.$3553$933626$020138804a$w08B11a
=653  \\$aKnofelius, J.$3559$933651$020138804a$w08B11a
=653  \\$aKroch, J.$3554$933769$020138804a$w08B11a
=653  \\$aLang, G.$3560$933888$020138804a$w08B11a
=653  \\$aLupi. C.$3561$934283$020138804a$w08B11a
=653  \\$aLyttichius, R.$3557$934315$020138804a$w08B11a
=653  \\$aMantinus, T.$3562$934436$020138804a$w08B11a
=653  \\$aMeylandus, J.$3558$934738$020138804a$w08B11a
=653  \\$aMichael, M.$3555$934742$020138804a$w08B11a
=653  \\$aMoreshell, S.$3553, 556$934884$020138804a$w08B11a
=653  \\$aMüllerus$3558$934952$020138804a$w08B11a
=653  \\$aMyller, A.$3545, 554, 556, 560, 562$935120$020138804a$w08B11a
=653  \\$aNeusidler, M.$3552$935213$020138804a$w08B11a
=653  \\$aNitsch, P.$3559$935252$020138804a$w08B11a
=653  \\$aOsiander, L.$3548$935635$020138804a$w08B11a
=653  \\$aOtt, G.$3548$935644$020138804a$w08B11a
=653  \\$aPaix, J.$3550, 554$935720$020138804a$w08B11a
=653  \\$aPalladius, D.$3549$935729$020138804a$w08B11a
=653  \\$aPinelli, J.B.$3553, 559$935987$020138804a$w08B11a
=653  \\$aQuitschreiber, G.$3554$936316$020138804a$w08B11a
=653  \\$aRaselius, A.$3551$938246$020138804a$w08B11a
=653  \\$aRegnard, J.$3552, 558, 559, 560, 561$938328$020138804a$w08B11a
=653  \\$aReinerius, J.$3559$938355$020138804a$w08B11a
=653  \\$aRosenthal, J.L.$3552$938560$020138804a$w08B11a
=653  \\$aRostius, N.$3547, 549$938578$020138804a$w08B11a
=653  \\$aSartorius, P.$3558, 562$938765$020138804a$w08B11a
=653  \\$aScandellus, A.$3563$938788$020138804a$w08B11a
=653  \\$aScherer, M.$3561$938839$020138804a$w08B11a
=653  \\$aschilderkunst$3407, 427-429$938865$020138804a$w08B11a
=653  \\$aSchmidt, B.$3550$938895$020138804a$w08B11a
=653  \\$aSchöne, J.H.$3562$938933$020138804a$w08B11a
=653  \\$aSchott, H.G.$3548$938952$020138804a$w08B11a
=653  \\$aSchramm, M.$3558$938956$020138804a$w08B11a
=653  \\$aSchröter, L.$3563$938972$020138804a$w08B11a
=653  \\$aSelneccerus, N.$3551$939048$020138804a$w08B11a
=653  \\$aStaden, J.$3546, 548, 558, 561$936476$020138804a$w08B11a
=653  \\$aStaricius, J.$3552, 553, 558$936514$020138804a$w08B11a
=653  \\$aStephanus, J.$3553, 555, 558$936575$020138804a$w08B11a
=653  \\$aSteuccius, H.$3561$936581$020138804a$w08B11a
=653  \\$aSteuerlein, J.$3547, 548, 550, 553, 555, 557, 559, 562$936582$020138804a$w08B11a
=653  \\$aStriccius, W.$3558$936629$020138804a$w08B11a
=653  \\$aSuch$3558, 561$936668$020138804a$w08B11a
=653  \\$aThesselius, J.$3555$936900$020138804a$w08B11a
=653  \\$aTurini, G.$3558, 561$937225$020138804a$w08B11a
=653  \\$aTurken$3530-534$937230$020138804a$w08B11a
=653  \\$aUttendahl, A.$3559$937309$020138804a$w08B11a
=653  \\$aVenlo, I. de $3549, 557, 558, 559, 561$937383$020138804a$w08B11a
=653  \\$aWeber, G.$3555$937884$020138804a$w08B11a
=653  \\$aWendius, J.$3550$937921$020138804a$w08B11a
=653  \\$aWidermann, E.$3558$937949$020138804a$w08B11a
=653  \\$aWolckenstein, D.$3556$938033$020138804a$w08B11a
=653  \\$aZacharias, C.$3552$938071$020138804a$w08B11a
=653  \\$aZangius, N.$3552$938103$020138804a$w08B11a
=856  \\$uhttps://books.google.be/books?id=0Mk7MQAACAAJ$3Google Books
=942  \\$cBOO
=952  \\$00$10$2ddc$40$6KTS_1_000000000000000_C2_19_08B11A$70$8RAR$91818$aORPH$bORPH$cKTS1_C2$d2020-07-08$eKoopman$oKTS1 C2.19 08B11a$p20138804a$r2021-01-12 00:00:00$w2021-01-12$yBOO
=999  \\$d1818

