=LDR  03335    a2200409   4500
=001  1820
=008  220510s1777\\\\|||a||||\||||\00|\0\eng\d
=024  \\$2Wikidata$aQ21187338
=041  \\$aeng
=100  \\$aHinton, John$dfl.1732-d.1781$4edt$96305
=245  \\$aThe Universal Magazine of Knowledge and Pleasure 1777$bvol. 60 (january to june) vol. 61 (july to december) and Supplement to vol. 61
=260  \\$aLondon$bHinton$c1777
=300  \\$a2 Vols. (378-[6] + 378-[6] pages)$bboth volumes have a frontispiece engraving, printer's emblem on title page, many inserted plates (some colored), illustrations, portraits, charts, maps and folded pages
=336  \\$aprinted
=500  \\$aThe Universal Magazine of Knowledge and Pleasure was a periodical published in London in the period 1747–1814 by John Hinton and W. Bent.
=500  \\$a2 vols. in one
=500  \\$afirst edition complete with 19 plates, one hand-coloured (including folding map of the Present Seat of War in North America and plates of the Open-Bellied Crocodile of the Ganges) bound with volume LXI printed 1777 complete with 20 plates (including Curious Experiments, and new species of Cuckow – the Honey Guide)
=500  \\$aThe chapters "The Life of Archangelo Corelli "  and The General History and peculiar Character of the Works of Archangelo Corelli'" (edition April 1777, p.169-172) are proceded by a portrait of A.Corelli (p.169) " ...a beautiful Engraving of his Head, from a Portrait by the late Mr. Henry Howard" (1697 ).
=504  \\$aindex


=590  \\$aContaining News, Letters, Debates, Poetry, Musick, Biography, History,Geography, Voyages,n Criticism, Translations, Philosophy, Mathematics, Husbandry, Gardening, Coockery, Chemistry, Mechanics, Trade, Navigation, Architecture and other Arts and Sciences which may render it Instructive and Entertaining to Gentry, Farmers and Tradesmen: To which occasionally will be added An Impartial Account of Books in several Languages, and of the State of Learning in Europe: Also Of the Stage, New Operas, Plays and Oratorios. 
=648  \0$a18th Century (1701-1800)$1http://www.wikidata.org/entity/Q7015$920899
=650  \0$aBibliography$1http://www.wikidata.org/entity/Q134995$93965
=650  \0$aJournalism$1http://www.wikidata.org/entity/Q11030$921960
=650  \0$aScience$1http://www.wikidata.org/entity/Q7991$921650
=650  \0$aCuckoo$1http://www.wikidata.org/entity/Q18845$922474
=650  \0$aPeriodical$1http://www.wikidata.org/entity/Q1002697$921106
=650  \0$aTheater criticism$1http://www.wikidata.org/entity/Q2416230$921632
=650  \0$aLiterature$1http://www.wikidata.org/entity/Q8242$94439
=651  \0$aLondon (United Kingdom)$1http://www.wikidata.org/entity/Q84$9123
=653  \0$aCorelli, A._portrait$3bij 169$020138808$w08B13$930738
=700  \\$4edt$aBent, W.$96306
=856  \\$uhttps://books.google.be/books?id=tLxFAQAAMAAJ$3vol.61
=856  \\$uhttps://archive.org/details/sim_new-universal-magazine-or-miscellany_1777-06_60_420$3vol.60, june
=856  \\$uhttps://login.microsoftonline.com/765a8de5-cf94-44f0-9caf-ae5bf8cfa366/saml2$3
=942  \\$cPER
=952  \\$00$10$2ddc$40$6KTS_1_000000000000000_C2_20_08B13$70$8RAR$91820$aORPH$bORPH$cKTS1_C2$d2020-07-08$eKoopman$oKTS1 C2.20 08B13$p20138808$r2021-01-12 00:00:00$w2021-01-12$yBOO
=999  \\$d1820

