=LDR  01819aam a2200325   4500
=001  1823
=003  OI
=005  20250716123435.0
=008  210225s1691\\\\\\\|||||\||||\00|\d\eng\d
=041  \\$aeng
=100  \\$aDryden, John$d1631-1700$4aut$1http://www.wikidata.org/entity/Q213355$96035
=245  \\$aAmphitryon or The Two Sosias$cA Comedy As it is Acted at the Theatre Royal
=260  \\$aLondon$bTonson$c1691
=300  \\$a[vi]-54-[ii] pages
=500  \\$aBased on Plautus and Molière
=500  \\$aPages 19-22 are missing, as well as the 13 pages with songs at the end.
=563  \\$aDamaged pages have been restored. In a new goat leather binding. 
There is a picture of the state before restauration and some spare material included in the volume.
=590  \\$aWritten by Mr. Dryden. To which is added the Musick of the Songs, Compos'd by Mr. Henry Purcel
=600  \0$aPlautus, Titus Maccius$d250 BC-164 BC$1http://www.wikidata.org/entity/Q47160$94887
=600  \0$aMolière$d1622-1673$1http://www.wikidata.org/entity/Q687$95673
=648  \0$a17th Century (1601-1700)$1http://www.wikidata.org/entity/Q7016$920923
=650  \0$aPlay (theater)$1http://www.wikidata.org/entity/Q25379$921414
=650  \0$aLibretto$1http://www.wikidata.org/entity/Q131084$94031
=650  \0$aComedy$1http://www.wikidata.org/entity/Q40831$921436
=651  \0$aUnited Kingdom$1http://www.wikidata.org/entity/Q21$9273
=700  \\$4cmp$aPurcell, Henry$d1659-1695$1http://www.wikidata.org/entity/Q9695$95840
=856  \\$uhttps://quod.lib.umich.edu/e/eebo/A36595.0001.001?view=toc$3University of Michigan Library
=942  \\$cBOO
=952  \\$00$10$2ddc$40$6KTS_1_000000000000000_C2_20_08B15$70$8RAR$91823$aORPH$bORPH$cKTS1_C2$d2020-07-08$eKoopman$oKTS1 C2.20 08B15$p20138809$r2021-01-12 00:00:00$w2021-01-12$yBOO
=999  \\$d1823

