=LDR  01776aam a2200277   4500
=001  1827
=008  211126s1927\\\\\\\|||||\||||\00|\0\ger\d
=041  \\$ager
=100  \\$4aut$aSchweitzer, Albert$d1875-1965$1http://www.wikidata.org/entity/Q49325$914004
=245  \\$aDeutsche und französische Orgelbaukunst und Orgelkunst 1906$bNachwort uber den gegenwartigen Stand der Frage des Orgelbaues 1927
=250  \\$a2nd ed.
=260  \\$aLeipzig$bBreitkopf & Härtel$c1927
=300  \\$a73 pages
=336  \\$aprinted
=500  \\$aboth copies uncut
=500  \\$aOne copy contains an autograph dedication by Albert Schweitzer: "Hans und Friedel Weisbach, zum Meditieren im Hinblick an die kommende Concertsaalorgel in Düsseldorf - Herzlichst, Albert Schweizer". Conductor and pianist Hans Weisbach (1885-1961) was music director in Düsseldorf at the time. 
=534  \\$aOriginally published in 1906$ohttps://archive.org/details/deutscheundfranz00schw/page/n4
=561  \\$aThe library owns two copies, one containing an autograph signature of Albert Schweitzer, another the signature of Ernesta Hansen
=650  \0$aOrganology$1http://www.wikidata.org/entity/Q899293$921400
=650  \0$aOrgan$1http://www.wikidata.org/entity/Q1444$92810
=651  \0$aGermany$1http://www.wikidata.org/entity/Q183$9155
=651  \0$aFrance$1http://www.wikidata.org/entity/Q142$9131
=942  \\$cBOO
=952  \\$00$10$2ddc$40$6KTS_1_000000000000000_C2_20_08B19_02$70$8RAR$91827$aORPH$bORPH$cKTS1_C2$d2020-07-08$eKoopman$oKTS1 C2.20 08B19_02$p20138813$r2021-01-12 00:00:00$w2021-01-12$yBOO
=952  \\$00$10$2ddc$40$6KTS_1_000000000000000_C2_20_08B19_01$70$8RAR$921012$aORPH$bORPH$cKTS1_C2$d2020-07-08$eKoopman$oKTS1 C2.20 08B19_01$p20138812$r2021-11-26 00:00:00$w2021-01-12$yBOO
=999  \\$d1827

