=LDR  01013aam a2200241   4500
=001  1828
=008  220511b\\\\\\\\||||||||\||||\00|\0\dan\d
=041  \\$adan
=100  \\$aJeppesen, Knud$d1892-1974$4aut$1http://www.wikidata.org/entity/Q426763$96312
=245  \\$aKontrapunkt $b(vokalpolyfoni)
=250  \\$a1st ed.
=260  \\$aCopenhagen$bHansen$c1930
=300  \\$aviii-236 pages
=336  \\$aprinted
=500  \\$aClassic textbook, still in use today
=500  \\$aautograph dedication (dated 15/8/1930) by Jeppesen on the front cover
=500  \\$awith underlining and notes in pencil
=650  \0$aCounterpoint$1http://www.wikidata.org/entity/Q186393$921487
=650  \0$aCounterpoint$1http://www.wikidata.org/entity/Q186393$921487
=651  \0$aDenmark$1http://www.wikidata.org/entity/Q35$921295
=942  \\$cBOO
=952  \\$00$10$2ddc$40$6KTS_1_000000000000000_C2_20_08B20$70$8RAR$91828$aORPH$bORPH$cKTS1_C2$d2020-07-08$eKoopman$oKTS1 C2.20 08B20$p20138811$r2021-01-12 00:00:00$w2021-01-12$yBOO
=999  \\$d1828

