=LDR  02915aam a2200397   4500
=001  1831
=008  220511s1804\\\\|||acfg|\||||\00|\0dita\d
=041  \\$aita
=100  \\$aGervasoni, Carlo$d1762-1819$4aut$1http://www.wikidata.org/entity/Q16268404$95553
=245  \\$aCarteggio musicale di Carlo Gervasoni$bcon diversi suoi amici, professori e maestri di capella
=250  \\$a2nd ed.
=260  \\$aMilan$bAgnelli$c1804
=300  \\$a149-[2] pages$b100 plates of music examples
=500  \\$aCarlo Gervasoni was an Italian organist, violinist and composer, as well as a harpsichordist, philosopher and music theorist who is best known for his treatises 'La scuola della musica' (1800; see 08B22) and 'Nuova teoria di musica ricavata dall'odierna pratica' (1812; see 04G21), the second of which helped lay the foundations for sonata form theory.
=500  \\$aThe letters are dated between 7 September 1800 and 20 February 1804. They are addressed to Gian Francesco Fortunati, a composer of opera buffe, Francesco Canetti, the kapellmeister of the Duomo Nuovo of Brescia, and Anselmo Marsand, a Benedictine monk. The last letter offers an interesting autobiography of the author.
=501  \\$aBound in with Gervasoni's 'Esempi della Scuola della musica'
=534  \\$aAlso originally published in 1804
=590  \\$ain cui si dimostra l'utilità della scuola della musica, si propongono e si sciolgono alcuni dubbj alla medesima scuola relativi, e si danno varj avvertimenti utilissimi ai professori e dilettanti di quest' arte
=610  \0$1http://www.wikidata.org/entity/Q2942599$aDuomo Nuovo (Brescia, Italy)$926338
=648  \0$a19th Century (1801-1900)$1http://www.wikidata.org/entity/Q6955$920935
=650  \0$aOrganist$1http://www.wikidata.org/entity/Q765778$94471
=650  \0$aViolinist$1http://www.wikidata.org/entity/Q1259917$93278
=650  \0$aComposer$1http://www.wikidata.org/entity/Q36834$93625
=650  \0$aCorrespondence$1http://www.wikidata.org/entity/Q1784733$921392
=650  \0$aBiography$1http://www.wikidata.org/entity/Q36279$91927
=650  \0$aMusic theory$1http://www.wikidata.org/entity/Q193544$92662
=650  \0$aFugue$1http://www.wikidata.org/entity/Q181014$93142
=650  \0$aCantus firmus$1http://www.wikidata.org/entity/Q938118$922600
=651  \0$aMilan (Italy)$1http://www.wikidata.org/entity/Q490$9271
=653  \0$aGervasoni, C._portret$3tp$020138821$w08B23$932143
=700  \\$1http://www.wikidata.org/entity/Q1480215$4rcp$aFortunati, Gian Francesco$d1746-1821$926336
=700  \\$1http://www.wikidata.org/entity/Q31074908$4rcp$aCanetti, Francesco$d1784-1812$926337
=856  \\$uhttps://books.google.be/books?id=C8ng1qzjHeYC$3Google Books
=942  \\$cBOO
=952  \\$00$10$2ddc$40$6KTS_1_000000000000000_C2_34_08B23$70$8RAR$91831$aORPH$bORPH$cKTS1_C2$d2020-07-08$eKoopman$oKTS1 C2.34 08B23$p20138821$r2021-01-12 00:00:00$w2021-01-12$yBOO
=999  \\$d1831

