=LDR  02294aam a2200337   4500
=001  1833
=005  20250923161049.0
=008  220816s1827\\\\|||g||||\z|||\00|\0\mul\d
=041  \\$afre$aita
=059  \\$av kbd
=100  \\$aGaraudé, Alexis de$d1779-1852$4aut$1http://www.wikidata.org/entity/Q1284090$95136
=240  \\$aop. 40
=245  \\$aMéthode complète de chant =$bMetodo Completo di Canto
=260  \\$aAmsterdam$bSteup$c1827
=300  \\$a[iv]-285 pages$bmusic examples, title page engraving
=500  \\$aAmong Garaudé's pupils, Clotilde Colombelle (1804-1826) was, on the one hand, a singer much appreciated in Italy under the name of Coreldi, and, on the other hand, the mother of his two (illegitimate) sons, Alexis Albert Gauthier Colombelle (1821-1854), known as Garaudé fils, winner in 1840 and 1841 of the Prix de Rome for composition, and Charles Gabriel Sylvestre Colombelle (1823-?), also a musician.
=500  \\$aTwo title pages, one French (with engraving), one Italian. The French title page engraving depicts "Une leçon de Chant dans un Pensionat de Demoiselles"
=500  \\$aThe original printer's information on French title page ('Paris, chez Vaillant') is pasted over with sticker mentioning  'à Amsterdam chez Steup'
=534  \\$aOriginally published as op. 25 in 1809.
=590  \\$aDédiée à son Elève, Mademoiselle Clotilde Coreldi, Prima Donna des Théâtres I. et R. de Milan et de Naples / Dedicato Alla Sua Allieva La Signora Clotilde Coreldi Prima Donna de'Teatri I. e R. di Milano e di Napoli
=648  \0$a19th Century (1801-1900)$1http://www.wikidata.org/entity/Q6955$920935
=650  \0$aMethod$1http://www.wikidata.org/entity/Q2250960$921402
=650  \0$aSinging$1http://www.wikidata.org/entity/Q27939$92767
=651  \0$aFrance$1http://www.wikidata.org/entity/Q142$9131
=651  \0$aItaly$1http://www.wikidata.org/entity/Q38$922
=700  \\$4dte$aColombelle, Clotilde $d1804-1826$924682
=856  \\$uhttps://books.google.be/books?id=u92iQ5-y9UUC$3Google Books
=942  \\$cBOO
=952  \\$00$10$2ddc$40$6KTS_1_000000000000000_C2_34_08C02$70$8RAR$91833$aORPH$bORPH$cKTS1_C2$d2020-07-08$eKoopman$l0$oKTS1 C2.34 08C02$p20139340$r2021-01-12 00:00:00$w2021-01-12$yBOO
=999  \\$d1833
=533  \\$aDigitized by iGuana, Spring 2025.

