=LDR  02531aam a2200325   4500
=001  1835
=008  220816s1553\\\\||||||||\||||\00|\0dlat\d
=041  \\$alat
=100  \\$aPlutarchus$d46-after 119$4aut$1http://www.wikidata.org/entity/Q41523$95727
=240  \\$aMoralia
=245  \\$aPlutarchi Chæronei, philosophi & historici gravissimi, Ethica sive Moralia 
=246  \1$aPlutarchi Chaeronei, philosophi & historici gravissimi, Ethica sive Moralia 
=260  \\$aBasel$bIsingrin$c1553
=300  \\$a[lxxxiv]-540 pages$ephoto
=500  \\$aThe Moralia (Ancient Greek: Ἠθικά Ethika; loosely translated as "Morals" or "Matters relating to customs and mores") is a group of manuscripts dating from the 10th–13th centuries, traditionally ascribed to the 1st-century Greek scholar Plutarch of Chaeronea. The eclectic collection contains 78 essays and transcribed speeches. They provide insights into Roman and Greek life, but often are also timeless observations in their own right. Many generations of Europeans have read or imitated them, including Michel de Montaigne and the Renaissance Humanists and Enlightenment philosophers.
=500  \\$aloose colour-photo depicting the original inner front-cover lining 
=504  \\$aExtensive index
=561  \\$aEx libris Figueira (manuscript)
=590  \\$aopera, quae in hunc usque diem de Graecis in Latinum conversa extabant, universa à Iano Cornario nunc primùm recognita, & nouorum aliquot librorum translatione ab eodem locupletata: ita ut qui haec hahuerit, eum bibliothecam habere iurè dici possit. Librorum nomenclaturam sexta pagina indicabit. Cum amplissimo rerum & uerborum indice. 
=648  \0$a16th Century (1501-1600)$1http://www.wikidata.org/entity/Q7017$920944
=648  \0$aClassical Antiquity (8th Century BC-6th Century AD)$1http://www.wikidata.org/entity/Q486761$921435
=650  \0$aHistory$1http://www.wikidata.org/entity/Q309$921403
=650  \0$aEthics$1http://www.wikidata.org/entity/Q9465$924679
=650  \0$aLiterature$1http://www.wikidata.org/entity/Q8242$94439
=700  \\$4trl$4edt$aCornarius, Janus$dc.1500-1558$1http://www.wikidata.org/entity/Q72457$924680
=700  \\$4cmm$aErasmus, Desiderius$d1466-1536$1http://www.wikidata.org/entity/Q43499$95446
=856  \\$uhttps://www.e-rara.ch/bau_1/content/zoom/848871
=942  \\$cBOO
=952  \\$00$10$2ddc$40$6KTS_1_000000000000000_C2_34_08C04$70$8RAR$91835$aORPH$bORPH$cKTS1_C2$d2020-07-08$eKoopman$l0$oKTS1 C2.34 08C04$p20139339$r2021-01-12 00:00:00$w2021-01-12$yBOO
=999  \\$d1835

