=LDR  01855acd a2200289   4500
=001  1839
=008  220816q1782\\\\|||||l||\||||\00|\0\eng\d
=041  \\$aeng
=059  \\$apf/hpd vn vc
=100  \\$aKozeluch, Leopold$d1747-1818$4cmp$1http://www.wikidata.org/entity/Q693843$94782
=240  \\$aop. 21
=245  \\$aThree Sonatas for the Piano Forte or Harpsichord with an Accompaniment for a Violin and Violoncello
=260  \\$aLondon$bDale
=300  \\$a36 pages
=501  \\$aBound in with Koželuch's 'A Duett for Two Performers on One Piano Forte or Harpsichord op. 4', 'A Duett for Two Performers on One Piano Forte or Harpsichord op. 19', 'Three Sonatas for the Piano Forte or Harpsichord with Accompaniments for a Violin and Violoncello op. 48', 'Three Sonatas for the Piano Forte or Harpsichord with an Accompanyment for a Violin ad libitum op. 23', 'Trois sonates pour le clavecin ou le forte piano op. 20' and 'Three Sonatas for the Piano Forte with Accompaniments for a Violin & Violoncello op. 50'
=534  \\$aOriginally published by André, c. 1782
=648  \0$a18th Century (1701-1800)$1http://www.wikidata.org/entity/Q7015$920899
=650  \0$aChamber music$1http://www.wikidata.org/entity/Q189201$92105
=650  \0$aSonata$1http://www.wikidata.org/entity/Q131269$921653
=650  \0$aPiano$1http://www.wikidata.org/entity/Q5994$92127
=650  \0$aHarpsichord$1http://www.wikidata.org/entity/Q81982$92125
=650  \0$aViolin$1http://www.wikidata.org/entity/Q8355$92783
=650  \0$aCello$1http://www.wikidata.org/entity/Q8371$92688
=773  \\$020936$tDuetts and Sonatas for Piano Forte or Harpsichord$w20936
=942  \\$cSCO
=952  \\$00$10$2ddc$40$6KTS_1_000000000000000_C2_34_08C08C$70$8RAR$91839$aORPH$bORPH$cKTS1_C2$d2020-07-08$eKoopman$l0$oKTS1 C2.34 08C08c$p20139333c$r2021-01-12 00:00:00$w2021-01-12$ySCO
=999  \\$d1839

