=LDR  01802acd a2200277   4500
=001  1840
=008  220816s1785\\\\|||||l||\||||\00|\0\eng\d
=041  \\$aeng
=059  \\$apf/hpd vn vc
=100  \\$aKozeluch, Leopold$d1747-1818$4cmp$1http://www.wikidata.org/entity/Q693843$94782
=240  \\$aop. 23
=245  \\$aThree Sonatas for the Piano Forte or Harpsichord with an Accompanyment for a Violin ad libitum
=260  \\$aEdinburgh$bCorri$bSutherland
=300  \\$a19 pages
=500  \\$aarrangements of earlier keyboard sonatas
=501  \\$aBound in with Koželuch's 'A Duett for Two Performers on One Piano Forte or Harpsichord op. 4', 'A Duett for Two Performers on One Piano Forte or Harpsichord op. 19', 'Three Sonatas for the Piano Forte or Harpsichord with an Accompaniment for a Violin and Violoncello op. 21', 'Three Sonatas for the Piano Forte or Harpsichord with Accompaniments for a Violin and Violoncello op. 48', 'Trois sonates pour le clavecin ou le forte piano op. 20' and 'Three Sonatas for the Piano Forte with Accompaniments for a Violin & Violoncello op. 50' 
=534  \\$aOriginally published in Paris, s.d., around 1785
=648  \0$a18th Century (1701-1800)$1http://www.wikidata.org/entity/Q7015$920899
=650  \0$aChamber music$1http://www.wikidata.org/entity/Q189201$92105
=650  \0$aPiano$1http://www.wikidata.org/entity/Q5994$92127
=650  \0$aHarpsichord$1http://www.wikidata.org/entity/Q81982$92125
=650  \0$aViolin$1http://www.wikidata.org/entity/Q8355$92783
=773  \\$020936$tDuetts and Sonatas for Piano Forte or Harpsichord$w20936
=942  \\$cSCO
=952  \\$00$10$2ddc$40$6KTS_1_000000000000000_C2_34_08C08E$70$8RAR$91840$aORPH$bORPH$cKTS1_C2$d2020-07-08$eKoopman$l0$oKTS1 C2.34 08C08e$p20139333e$r2021-01-12 00:00:00$w2021-01-12$ySCO
=999  \\$d1840

