=LDR  02126acd a2200313   4500
=001  1842
=008  220816q1781\\\\|||||l||\||||\00|\0\eng\d
=041  \\$aeng
=059  \\$ahpd/pf 4h
=100  \\$aKozeluch, Leopold$d1747-1818$4cmp$1http://www.wikidata.org/entity/Q693843$94782
=240  \\$aLeopold Kozeluch: Keyboard Sonata in F Major, P.XI:1, Op. 4
=245  \\$aA Duett for Two Performers on One Piano Forte or Harpsichord
=260  \\$aLondon$bDale$cafter 1791
=300  \\$a15 pages
=500  \\$aThe publisher Joseph Dale in 1791 he opened a new branch (the warehouse) at 19 Cornhill, opposite the Royal Exchange. 
=501  \\$aBound in with Koželuch's 'A Duett for Two Performers on One Piano Forte or Harpsichord op. 19', 'Three Sonatas for the Piano Forte or Harpsichord with an Accompaniment for a Violin and Violoncello op. 21', 'Three Sonatas for the Piano Forte or Harpsichord with Accompaniments for a Violin and Violoncello op. 48', 'Three Sonatas for the Piano Forte or Harpsichord with an Accompanyment for a Violin ad libitum op. 23', 'Trois sonates pour le clavecin ou le forte piano op. 20' and 'Three Sonatas for the Piano Forte with Accompaniments for a Violin & Violoncello op. 50'
=534  \\$aComposed in 1781
=648  \0$a18th Century (1701-1800)$1http://www.wikidata.org/entity/Q7015$920899
=650  \0$aKeyboard music$1http://www.wikidata.org/entity/Q105715630$921412
=650  \0$aQuatre mains$1http://www.wikidata.org/entity/Q227484$922186
=650  \0$aFreedom$1http://www.wikidata.org/entity/Q310735$923033
=650  \0$aPiano$1http://www.wikidata.org/entity/Q5994$92127
=650  \0$aHarpsichord$1http://www.wikidata.org/entity/Q81982$92125
=650  \0$aPrice$1http://www.wikidata.org/entity/Q160151$922382
=651  \0$1http://www.wikidata.org/entity/Q1741$aVienna (Austria)$920937
=773  \\$020936$tDuetts and Sonatas for Piano Forte or Harpsichord$w20936
=942  \\$cSCO
=952  \\$00$10$2ddc$40$6KTS_1_000000000000000_C2_34_08C08A$70$8RAR$91842$aORPH$bORPH$cKTS1_C2$d2020-07-08$eKoopman$l0$oKTS1 C2.34 08C08a$p20139333a$r2021-01-12 00:00:00$w2021-01-12$ySCO
=999  \\$d1842

