=LDR  01622acm a2200253   4500
=001  1847
=008  220816s1760\\\\|||||l||\||||\00|\0\eng\d
=041  \\$aeng
=059  \\$ahpd
=100  \\$aBerg, George$d1730-1775$4cmp$1http://www.wikidata.org/entity/Q111850912$96331
=240  \\$aop. 5
=245  \\$aEight Suits of Lessons for the Harpsichord
=260  \\$aLondon$bJohnson$c1760
=300  \\$a45 pages
=500  \\$aGeorge Berg (1730-1775), was a London organist and harpsichord teacher who during a quite brief period (1755–70) was a highly productive composer, whose works ranged from operas in Italian to short glees and catches. At the heart of his oeuvre are his seven collections of keyboard music. His sonatinas for harpsichord were a by-product of his teaching, appearing in three volumes between 1759 and 1762. Technically fairly simple, these are lively, inventive and finely polished works showing an indebtedness towards Domenico Scarlatti.
=648  \0$a18th Century (1701-1800)$1http://www.wikidata.org/entity/Q7015$920899
=650  \0$aMusic education$1http://www.wikidata.org/entity/Q27908$921766
=650  \0$aHarpsichord$1http://www.wikidata.org/entity/Q81982$92125
=650  \0$aSuite$1http://www.wikidata.org/entity/Q203005$921718
=651  \0$aLondon (United Kingdom)$1http://www.wikidata.org/entity/Q84$9123
=856  \\$uhttps://books.google.be/books?id=nCYQ3VoC-iEC$3Google Books
=942  \\$cSCO
=952  \\$00$10$2ddc$40$6KTS_1_000000000000000_C2_34_08C10$70$8RAR$91847$aORPH$bORPH$cKTS1_C2$d2020-07-08$eKoopman$l0$oKTS1 C2.34 08C10$p20139345$r2021-01-12 00:00:00$w2021-01-12$ySCO
=999  \\$d1847

