=LDR  02412acm a2200289   4500
=001  1849
=005  20251003125332.0
=008  220816s1790\\\\|||||le|\||||\00|\0\fre\d
=041  \\$afre
=059  \\$apf perc
=100  \\$4cmp$aSteibelt, Daniel$d1765-1823$96174
=240  \\$aDouze bacchanales pour le forte-piano avec accompagnement de tambourin ad libitum
=245  \\$a[6 pieces for piano and tambourine]
=260  \\$as.l.$bs.n.$c18xx [?]
=300  \\$a2 parts (21+4 pages)
=500  \\$aIn album with various pf pieces, many which have interesting pedaling
=500  \\$aTitle page is missing. Compositions by Daniel Steibelt, first 6 nrs of his 'Douze bacchanales pour le forte-piano avec accompagnement de tambourin ad libitum'. printed in Paris, 1790, chez Mlle Erard. While in London (1796-99) he got married to a young Englishwoman, who was a skilled performer on the tambourine. 
=501  \\$aBound in with Steibelt’s ‘Fantaisie avec 9 variations dans la valze russe pour le forte piano’, Gelineck’s ‘Variations pour le piano forte sur l'air des Tiroliens. Wann i in den früh aufsteh ai ei ei a’, Dussek’s ‘Recueil d'airs connus variés pour le piano. 1ère suite op. 71’, Pradher’s ‘Rondo alla polacca pour forte piano’, Pradher’s ‘Rondo varié pour le piano op. 12’, Jadin’s ‘Fantaisie avec 6 variations pour le piano sur l'air de Toto-Carabo’, Salieri’s ‘Ouverture des Horaces arrangée pour le forté piano’, Paer’s ‘Ouverture de la Griselda arrangée pour le forté piano’, Sieber’s ‘Amour à la plus belle, honneur au plus vaillant varié pour le forté piano et violon obligé’ and Karr’s ‘Scène et air chanté dans le Billet de Loterie par Madame Duret arrangé en rondo pour le piano-forté’
=648  \0$a18th Century (1701-1800)$1http://www.wikidata.org/entity/Q7015$920899
=650  \0$aInstrumental music$1http://www.wikidata.org/entity/Q639197$92106
=650  \0$aPedal$1http://www.wikidata.org/entity/Q4591805$922613
=650  \0$aPiano$1http://www.wikidata.org/entity/Q5994$92127
=773  \\$020937$t[pieces for piano]$w20937
=856  \\$uhttps://books.google.be/books?id=vZuh9Kht5dYC$3Google Books
=942  \\$cSCO
=952  \\$00$10$2ddc$40$6KTS_1_000000000000000_C2_34_08C12A$70$8RAR$91849$aORPH$bORPH$cKTS1_C2$d2020-07-08$eKoopman$l0$oKTS1 C2.34 08C12a$p20139355a$r2021-01-12 00:00:00$w2021-01-12$ySCO
=999  \\$d1849

