=LDR  02172acm a2200253   4500
=001  1852
=008  220816s1810\\\\|||||l||\||||\00|\0\fre\d
=041  \\$afre
=059  \\$apf
=100  \\$aDussek, Johann Ladislaus$d1760-1812$4cmp$1http://www.wikidata.org/entity/Q357172$96167
=245  \\$aRecueil d'airs connus variés pour le piano. $b1ère suite op. 71
=260  \\$aParis$bNaderman$c1810
=300  \\$a23 pages$bMusic-seller's stamp at foot of title page
=500  \\$aAir du Trobadour & 8 variations - Air Del Signor Dottor & 7 variations - Amusez vos Belles, Ronde Arrangée en Rondo Avec Variations et Imitations
=501  \\$aBound in with [6 pieces for piano and tambourine],  Steibelt’s ‘Fantaisie avec 9 variations dans la valze russe pour le forte piano’, Gelineck’s ‘Variations pour le piano forte sur l'air des Tiroliens. Wann i in den früh aufsteh ai ei ei a’, Pradher’s ‘Rondo alla polacca pour forte piano’, Pradher’s ‘Rondo varié pour le piano op. 12’, Jadin’s ‘Fantaisie avec 6 variations pour le piano sur l'air de Toto-Carabo’, Salieri’s ‘Ouverture des Horaces arrangée pour le forté piano’, Paer’s ‘Ouverture de la Griselda arrangée pour le forté piano’, Sieber’s ‘Amour à la plus belle, honneur au plus vaillant varié pour le forté piano et violon obligé’ and Karr’s‘Scène et air chanté dans le Billet de Loterie par Madame Duret arrangé en rondo pour le piano-forté’
=590  \\$aEt exécuté à son concert de l'Odéon
=648  \0$a19th Century (1801-1900)$1http://www.wikidata.org/entity/Q6955$920935
=650  \0$aInstrumental music$1http://www.wikidata.org/entity/Q639197$92106
=650  \0$aTheme and variations$1http://www.wikidata.org/entity/Q763324$92038
=773  \\$020937$t[pieces for piano] $w20937
=856  \\$uhttps://imslp.org/wiki/Recueil_d%27airs_connus_vari%C3%A9s%2C_Op.71_(Dussek%2C_Jan_Ladislav)$3International Music Score Library Project
=942  \\$cSCO
=952  \\$00$10$2ddc$40$6KTS_1_000000000000000_C2_34_08C12D$70$8RAR$91852$aORPH$bORPH$cKTS1_C2$d2020-07-08$eKoopman$l0$oKTS1 C2.34 08C12d$p20139355d$r2021-01-12 00:00:00$w2021-01-12$ySCO
=999  \\$d1852

