=LDR  02044acm a2200277   4500
=001  1854
=005  20251031163237.0
=008  220816s1822\\\\|||||l||\||||\00|\0\fre\d
=041  \\$afre
=059  \\$apf
=100  \\$aPradher, Louis-Barthélémy$d1782-1843$4cmp$98680
=245  \\$aRondo varié pour le piano op. 12
=260  \\$aParis$bLeduc$c1822 or earlier
=300  \\$a15 pages
=500  \\$adating, see 'Bibliographie musicale de la France et de l'étranger'
=500  \\$ain album with various pf pieces, many which have interesting pedaling
=501  \\$aBound in with [6 pieces for piano and tambourine],  Steibelt’s ‘Fantaisie avec 9 variations dans la valze russe pour le forte piano’, Gelineck’s ‘Variations pour le piano forte sur l'air des Tiroliens. Wann i in den früh aufsteh ai ei ei a’, Dussek’s ‘Recueil d'airs connus variés pour le piano. 1ère suite op. 71’, Pradher’s ‘Rondo alla polacca pour forte piano’, Jadin’s ‘Fantaisie avec 6 variations pour le piano sur l'air de Toto-Carabo’, Salieri’s ‘Ouverture des Horaces arrangée pour le forté piano’, Paer’s ‘Ouverture de la Griselda arrangée pour le forté piano’, Sieber’s ‘Amour à la plus belle, honneur au plus vaillant varié pour le forté piano et violon obligé’ and Karr’s‘Scène et air chanté dans le Billet de Loterie par Madame Duret arrangé en rondo pour le piano-forté’
=648  \0$a19th Century (1801-1900)$1http://www.wikidata.org/entity/Q6955$920935
=650  \0$aKeyboard music$1http://www.wikidata.org/entity/Q105715630$921412
=650  \0$aRondo$1http://www.wikidata.org/entity/Q13323$924049
=650  \0$aPedal$1http://www.wikidata.org/entity/Q4591805$922613
=650  \0$aPiano$1http://www.wikidata.org/entity/Q5994$92127
=773  \\$020937$t[pieces for piano]$w20937
=942  \\$cSCO
=952  \\$00$10$2ddc$40$6KTS_1_000000000000000_C2_34_08C12F$70$8RAR$91854$aORPH$bORPH$cKTS1_C2$d2020-07-08$eKoopman$l0$oKTS1 C2.34 08C12f$p20139355f$r2021-01-12 00:00:00$w2021-01-12$ySCO
=999  \\$d1854

