=LDR  02422acm a2200301   4500
=001  1855
=008  210601b\\\\\\\\\\\||l||\||||\00|\0\fre\d
=041  \\$afre
=059  \\$apf
=100  \\$aJadin, Louis-Emmanuel$d1768-1853$4cmp$1http://www.wikidata.org/entity/Q1348195$98198
=245  \\$aFantaisie avec 6 variations pour le piano sur l'air de Toto-Carabo
=260  \\$aParis$bDuhan$c1810 or earlier
=300  \\$a12 pages$bEngraved title page, seller's stamp at foot of title page 
=500  \\$a"Toto Carabo" or "Il étoit un petit homme" is an air from 'Cendrillon' (1810)
=500  \\$adating, see Journal de Paris
=500  \\$astamp of Duhan
=500  \\$ain album with various pf pieces, many which have interesting pedaling
=501  \\$aBound in with [6 pieces for piano and tambourine],  Steibelt’s ‘Fantaisie avec 9 variations dans la valze russe pour le forte piano’, Gelineck’s ‘Variations pour le piano forte sur l'air des Tiroliens. Wann i in den früh aufsteh ai ei ei a’, Dussek’s ‘Recueil d'airs connus variés pour le piano. 1ère suite op. 71’, Pradher’s ‘Rondo alla polacca pour forte piano’, Pradher’s ‘Rondo varié pour le piano op. 12’, Salieri’s ‘Ouverture des Horaces arrangée pour le forté piano’, Paer’s ‘Ouverture de la Griselda arrangée pour le forté piano’, Sieber’s ‘Amour à la plus belle, honneur au plus vaillant varié pour le forté piano et violon obligé’ and Karr’s‘Scène et air chanté dans le Billet de Loterie par Madame Duret arrangé en rondo pour le piano-forté’
=590  \\$aChanté par Mlle Alexandrine St.Aubin dans l'Opéra de Cendrillon. Arrangée et Dédiée A monsieur Leon Dourches ... Cendrillon Tiré du Conte des Fées par Perrault
=648  \0$a19th Century (1801-1900)$1http://www.wikidata.org/entity/Q6955$920935
=650  \0$aKeyboard music$1http://www.wikidata.org/entity/Q105715630$921412
=650  \0$aOpera$1http://www.wikidata.org/entity/Q1344$92468
=650  \0$aTheme and variations$1http://www.wikidata.org/entity/Q763324$92038
=700  \\$4cmp$aIsouard, Nicolas$d1775-1818$1http://www.wikidata.org/entity/Q736805$96335
=773  \\$020937$t[pieces for piano]$w20937
=942  \\$cSCO
=952  \\$00$10$2ddc$40$6KTS_1_000000000000000_C2_34_08C12G$70$8RAR$91855$aORPH$bORPH$cKTS1_C2$d2020-07-08$eKoopman$l0$oKTS1 C2.34 08C12g$p20139355g$r2021-01-12 00:00:00$w2021-01-12$ySCO
=999  \\$d1855

