=LDR  02566acm a2200313   4500
=001  1856
=008  210601n\\\\\\\\\\\||l||\||||\00|\0\fre\d
=041  \\$afre
=059  \\$apf
=100  \\$aSalieri, Antonio$d1750-1825$4cmp$1http://www.wikidata.org/entity/Q51088$96337
=245  \\$aOuverture des Horaces arrangée pour le forté piano
=246  \1$aOuverture De Gli Orazi e Curiazi Arrangée par Lachnith
=260  \\$aParis$bSieber$c1786 or later
=300  \\$a7 pages$bMusic-seller's stamp at foot of title page 
=500  \\$a"des Horaces" in ms. and stamp of Sieber on title-page
=500  \\$aLes Horaces is an opera in three acts by Antonio Salieri to a libretto by Nicholas-François Guillard, the second of the tragédie lyrique composed by the young Venetian musician for the Académie Royale de Musique (Opéra) in Paris. 
=500  \\$ain album with various pf pieces, many which have interesting pedaling
=501  \\$aBound in with [6 pieces for piano and tambourine],  Steibelt’s ‘Fantaisie avec 9 variations dans la valze russe pour le forte piano’, Gelineck’s ‘Variations pour le piano forte sur l'air des Tiroliens. Wann i in den früh aufsteh ai ei ei a’, Dussek’s ‘Recueil d'airs connus variés pour le piano. 1ère suite op. 71’, Pradher’s ‘Rondo alla polacca pour forte piano’, Pradher’s ‘Rondo varié pour le piano op. 12’, Jadin’s ‘Fantaisie avec 6 variations pour le piano sur l'air de Toto-Carabo’, Paer’s ‘Ouverture de la Griselda arrangée pour le forté piano’, Sieber’s ‘Amour à la plus belle, honneur au plus vaillant varié pour le forté piano et violon obligé’ and Karr’s‘Scène et air chanté dans le Billet de Loterie par Madame Duret arrangé en rondo pour le piano-forté’

=534  \\$aSalieri's 'Les Horaces' premiered in Paris in 1786
=648  \0$a18th Century (1701-1800)$1http://www.wikidata.org/entity/Q7015$920899
=650  \0$aKeyboard music$1http://www.wikidata.org/entity/Q105715630$921412
=650  \0$aOverture$1http://www.wikidata.org/entity/Q202287$921591
=650  \0$aOpera$1http://www.wikidata.org/entity/Q1344$92468
=651  \0$aFrance$1http://www.wikidata.org/entity/Q142$9131
=700  \\$4cmp$aLachnith, Ludwig Wenzel$d1746-1820$1http://www.wikidata.org/entity/Q1458740$98185
=773  \\$020937$t[pieces for piano]$w20937
=942  \\$cSCO
=952  \\$00$10$2ddc$40$6KTS_1_000000000000000_C2_34_08C12H$70$8RAR$91856$aORPH$bORPH$cKTS1_C2$d2020-07-08$eKoopman$l0$oKTS1 C2.34 08C12h$p20139355h$r2021-01-12 00:00:00$w2021-01-12$ySCO
=999  \\$d1856

