=LDR  02860acm a2200289   4500
=001  1858
=008  220816s1814\\\\|||||l||\||||\00|\0\fre\d
=041  \\$afre
=059  \\$avn pf
=100  \\$aDrouet, Louis François Philippe$d1792-1873$4cmp$1http://www.wikidata.org/entity/Q523907$920910
=245  \\$aAmour à la plus belle, honneur au plus vaillant varié pour le forté piano et violon obligé
=260  \\$aParis$bSieber$c1814
=300  \\$a8 pages$bMusic-seller's stamp at foot of title page 
=500  \\$aGeorges-Julien Sieber (1775-1847) was the son of Jean-Georges (whom he succeeded in 1825) and son-in-law of Piere Leduc
=500  \\$ain album with various pf pieces, many which have interesting pedaling
=500  \\$astamp of Sieber on title-page
=500  \\$a2 verses from "Partant pour la Syrie ou Le Beau Dunois," traditionally dated 1807, a classic example of the songs or romances evoking the spirit of the Middle Ages and its troubadours, a genre that flourished during the Napoleontic First Empire. The melody was initially attributed to Hortense de Beauharnais, Napoleon's daughter-in-law. Then the musicologist Arthur Pougin named a certain Louis-François-Philippe Drouet (1792-1855), flutist at the court of Louis King of Holland, as the true author of the melody. The lyrics were written by Count Alexandre de Laborde (1774-1842), an archaeologist.
=501  \\$aBound in with [6 pieces for piano and tambourine],  Steibelt’s ‘Fantaisie avec 9 variations dans la valze russe pour le forte piano’, Gelineck’s ‘Variations pour le piano forte sur l'air des Tiroliens. Wann i in den früh aufsteh ai ei ei a’, Dussek’s ‘Recueil d'airs connus variés pour le piano. 1ère suite op. 71’, Pradher’s ‘Rondo alla polacca pour forte piano’, Pradher’s ‘Rondo varié pour le piano op. 12’, Jadin’s ‘Fantaisie avec 6 variations pour le piano sur l'air de Toto-Carabo’, Salieri’s ‘Ouverture des Horaces arrangée pour le forté piano’, Paer’s ‘Ouverture de la Griselda arrangée pour le forté piano’ and Karr’s‘Scène et air chanté dans le Billet de Loterie par Madame Duret arrangé en rondo pour le piano-forté’

=648  \0$a19th Century (1801-1900)$1http://www.wikidata.org/entity/Q6955$920935
=650  \0$aInstrumental music$1http://www.wikidata.org/entity/Q639197$92106
=650  \0$aKeyboard music$1http://www.wikidata.org/entity/Q105715630$921412
=651  \0$aFrance$1http://www.wikidata.org/entity/Q142$9131
=700  \\$4cmp$aSieber, Georges-Julien$d1775-1847$1http://www.wikidata.org/entity/Q55673660$96340
=773  \\$020937$t[pieces for piano]$w20937
=942  \\$cSCO
=952  \\$00$10$2ddc$40$6KTS_1_000000000000000_C2_34_08C12J$70$8RAR$91858$aORPH$bORPH$cKTS1_C2$d2020-07-08$eKoopman$l0$oKTS1 C2.34 08C12j$p20139355j$r2021-01-12 00:00:00$w2021-01-12$ySCO
=999  \\$d1858

