=LDR  01504aam a2200241   4500
=001  1860
=008  220818s1822\\\\|||g||||\||||\00|\0\eng\d
=041  \\$aeng
=059  \\$abc
=100  \\$aGourdez, Joseph$4aut$96343
=245  \\$aA Treatise on Thorough Bass for Beginners
=260  \\$aLondon$bs.n.$c1822
=300  \\$a44 pages$bmusical examples,, Music-seller's stamp at foot of title page
=500  \\$aAlthough various publication-dates mentioned online (1817, 1820c, 1822...), certainly before1823, see 'The Monthly Review'. Publication date approximated from announcement of publication in The morning post, 5 August 1822.
=500  \\$aDedicatee Johann Baptist Cramer (1771-1858) was an English pianist, composer and music publisher of German origin. He was the son of Wilhelm Cramer, a famous London violinist and conductor, one of a numerous family who were identified with the progress of music during the 18th and 19th centuries. 
=590  \\$adedicated to M. J. B. Cramer
=648  \0$a19th Century (1801-1900)$1http://www.wikidata.org/entity/Q6955$920935
=650  \0$aBasso continuo$1http://www.wikidata.org/entity/Q724321$921065
=650  \0$aMethod$1http://www.wikidata.org/entity/Q2250960$921402
=651  \0$aLondon (United Kingdom)$1http://www.wikidata.org/entity/Q84$9123
=942  \\$cBOO
=952  \\$00$10$2ddc$40$6KTS_1_000000000000000_C2_34_08C13$70$8RAR$91860$aORPH$bORPH$cKTS1_C2$d2020-07-08$eKoopman$l0$oKTS1 C2.34 08C13$p20139356$r2021-01-12 00:00:00$w2021-01-12$yBOO
=999  \\$d1860

