=LDR  02594aas a2200337   4500
=001  1861
=008  220818d18471847|||dr|ne\||||\00|\0\ger\d
=041  \\$ager
=100  \\$aBäuerle, Adolf$d1786-1859$4aut$1http://www.wikidata.org/entity/Q361119$96344
=240  \\$aWiener Theaterzeitung
=245  \\$aAlgemeine Theaterzeitung, Originalblatt für Kunst, Literatur, Musik, Mode und geselliges Leben.$bnrs 1-155
=246  \1$aBäuerles Theaterzeitung
=260  \\$aVienna$bBureau der Theaterzeitung$c1847
=300  \\$a620 pages
=500  \\$aFrequency: 4 times a week (Monday, Wednesday, Thursdag and Friday)
=500  \\$ajanuary 1st - June 30th 1847
=500  \\$aAppeared 1829-1848.
=500  \\$aFrequency of publication: 1806: weekly; 1816: 2x weekly, later 3x or 4x weekly
Published under various titles from 1806-1860:
1807-1808: Zeitung für Theater, Musik und Poesie
1811-1815: Theater-Zeitung
1817-1818: Wiener allgemeine Theaterzeitung
1850: Wiener allgemeine Theaterzeitung
1853-1854: Wiener allgemeine Theaterzeitung
1819-1821: Wiener allgemeine Theaterzeitung und Unterhaltungsblatt für Freunde der Kunst, Literatur und des geselligen Lebens
1822-1828: Allgemeine Theaterzeitung und Unterhaltungsblatt für Freunde der Kunst, Literatur und des geselligen Lebens
1829-1848: Allgemeine Theaterzeitung
1848-1849: Österreichischer Courier
1851: Wiener allgmeine Zeitung für Theater, Musik, Kunst, Literatur, geselliges Leben, Conversation und Mode
1852: Wiener allgemeine Zeitung
1855: Wiener Conversationsblatt für alle Tagesbegebenheiten, für öffentliches Leben, Geselligkeit, für Industrie, Kunst, Handel, Communicationen, für Erfindungen aller Art, für Musik, Mode und Luxus
=500  \\$a2nd half of the year online: https://anno.onb.ac.at/cgi-content/anno?aid=thz
=500  \\$ahttps://www.wikidata.org/wiki/Q2569129
=590  \\$aVierzigster Jahrgang
=648  \0$a19th Century (1801-1900)$1http://www.wikidata.org/entity/Q6955$920935
=650  \0$aTheater criticism$1http://www.wikidata.org/entity/Q2416230$921632
=650  \0$aJournalism$1http://www.wikidata.org/entity/Q11030$921960
=650  \0$aCuckoo$1http://www.wikidata.org/entity/Q18845$922474
=650  \0$aLiterature$1http://www.wikidata.org/entity/Q8242$94439
=700  \\$4edt$aSolinger, Johann Paul$d1795-1849$924691
=856  4\$uhttps://catalog.hathitrust.org/Record/100722626
=942  \\$cPER
=952  \\$00$10$2ddc$40$6KTS_1_000000000000000_C2_34_08C14$70$8RAR$91861$aORPH$bORPH$cKTS1_C2$d2020-07-08$eKoopman$l0$oKTS1 C2.34 08C14$p20139357$r2021-01-12 00:00:00$w2021-01-12$yPER
=999  \\$d1861

