=LDR  02126acd a2200337   4500
=001  1866
=008  220816q1788\\\\|||||l||\||||\00|\0\fre\d
=041  \\$afre
=059  \\$ahpd/pf
=100  \\$aPleyel, Ignaz$d1757-1831$4cmp$1http://www.wikidata.org/entity/Q314019$95340
=240  \\$aB. 404-406
=245  \\$aTrois trios$barrangés pour clavecin ou pianoforte avec accompagnement de violon et de violoncel 1. suitte de trios
=260  \\$aParis$bImbault$cc. 1788
=300  \\$a22 pages
=500  \\$aKeyboard part only, basso part missing
=500  \\$acomposed in 1788
=501  \\$aPleyel’s ‘Trois quatuors : arrangés pour clavecin ou forte piano avec violon et violoncelle’, ‘Trois quatuors : arrangés pour clavecin ou piano-forte avec accompagnement de violon et basse 3. suitte’, ‘Trois quintetti : arrangés pour clavecin ou forte piano avec violon alto et basse adlibitum’, ‘Trois trios : arrangés pour clavecin ou pianoforte avec accompagnement de violon et de violoncel suitte de trios’ & ‘Quatuors : pour clavecin ou forte piano avec violon alto et basse arrangés sur le sextuor’
=648  \0$a18th Century (1701-1800)$1http://www.wikidata.org/entity/Q7015$920899
=650  \0$aChamber music$1http://www.wikidata.org/entity/Q189201$92105
=650  \0$aArrangement$1http://www.wikidata.org/entity/Q379755$94282
=650  \0$aHarpsichord$1http://www.wikidata.org/entity/Q81982$92125
=650  \0$aPiano$1http://www.wikidata.org/entity/Q5994$92127
=650  \0$aViolin$1http://www.wikidata.org/entity/Q8355$92783
=650  \0$aCello$1http://www.wikidata.org/entity/Q8371$92688
=651  \0$aParis (France)$1http://www.wikidata.org/entity/Q90$9160
=700  \\$4arr$aRigel, Henri Joseph$96345
=773  \\$020940$tTrios, Quartets & Quintets arranged for Harpsichord or Fortepiano$w20940
=856  4\$uhttps://digital.lib.uiowa.edu/islandora/object/ui:pleyel_11522
=942  \\$cSCO
=952  \\$00$10$2ddc$40$6KTS_1_000000000000000_C2_34_08C15D$70$8RAR$91866$aORPH$bORPH$cKTS1_C2$d2020-07-08$eKoopman$l0$oKTS1 C2.34 08C15d$p20139347d$r2021-01-12 00:00:00$w2021-01-12$ySCO
=999  \\$d1866

