=LDR  06737    a2201093   4500
=001  1871
=008  220829s1730\\\\|||f||||\||||\00|\0cger\d
=041  \\$ager
=100  \\$aDoppelmayr, Johann Gabriel$d1677-1750$4aut$1http://www.wikidata.org/entity/Q85153$96350
=245  \\$aHistorische Nachricht von den Nürnbergischen Mathematicis und Künstlern
=260  \\$aNuremberg$bMonath$c1730
=300  \\$a[xx]-314-[18]-[15] pages$btitle page in red and black ink, printers woodcut at foot of title page, fold out pages, maps, plates$c30x22 cm
=500  \\$aBeautiful frontispiece
=500  \\$a15 splendid engravings - some of them fold out - of monuments, maps, fountains, woodcarving, artistic ironwork, memory coins, etc , but also of Hanns Haydens Geigenwerk (Geigen-clavicymbel)
=504  \\$aIndex
=561  \\$aSammlung Hans Hopf (Stamp)
=561  \\$aanonymous 18th century coat of arms  (Plate)
=590  \\$awelche fast von dreyen Seculis her durch ihre Schrifften und Kunst-Bemühungen die Mathematic und mehreste Künste in Nürnberg vor andern trefflich befördert und sich um solche sehr wohl verdient gemacht zu einem guten Exempel, und zur weitern rühmlichen Nachahmung, in Zweyen Theilen an das Liecht gestellet, Auch mit vielen nützlichen Anmerckungen und verschiedenen Kupffern versehen
=648  \0$a18th Century (1701-1800)$1http://www.wikidata.org/entity/Q7015$920899
=650  \0$aOrganology$1http://www.wikidata.org/entity/Q899293$921400
=650  \0$aFine art$1http://www.wikidata.org/entity/Q219625$921579
=650  \0$aScience$1http://www.wikidata.org/entity/Q7991$921650
=650  \0$aBiography$1http://www.wikidata.org/entity/Q36279$91927
=651  \0$aNuremberg (Germany)$1http://www.wikidata.org/entity/Q2090$921596
=653  \0$aad lib. bezetting$3253$020139413$w08C20$928471
=653  \0$abespeler van meer instrumenten$3240, 253, 258, 259, 262$020139413$w08C20$929498
=653  \0$aorgel in middeleeuwen$3282$020139413$w08C20$935482
=653  \0$aorgelbouw$3102, 282, 290, 298$020139413$w08C20$935542
=653  \0$aPachelbel, J.$3xxx, xxxi, 258, 259, 263, 271, 275$020139413$w08C20$935699
=653  \0$aPasquini, B. $3279$020139413$w08C20$935784
=653  \0$aDürer, A.$3xxx, xxxi, xxxii, 153-155, 177-179, 182-190, tab.xiv, tab.xv$020139413$w08C20$931324
=653  \0$adynamiek$3212$020139413$w08C20$931346
=653  \0$afagot$3293, 305$020139413$w08C20$931585
=653  \0$aPrintz, W.C.$3105, 225, 227$020139413$w08C20$936212
=653  \0$astylus phantasticus$3271??$020139413$w08C20$936665
=653  \0$aFux, J.J.$3279$020139413$w08C20$931956
=653  \0$agamba$3253, 262, 263, 280$020139413$w08C20$931995
=653  \0$ageigenwerk$3xxx, 212, Tab.iv$020139413$w08C20$932084
=653  \0$atemperatuur$3102, 105$020139413$w08C20$936807
=653  \0$atrombone$3xxxii, 284$020139413$w08C20$937186
=653  \0$aHarsdörffer, G.P.$398-100$020139413$w08C20$932597
=653  \0$aHerbst, J.A.$3xxx, 227$020139413$w08C20$932720
=653  \0$ahoorn$3305$020139413$w08C20$932928
=653  \0$aItaliaanse invloed in Duitsland$3263, 264, 275, 279$020139413$w08C20$933141
=653  \0$aWeigl, C.$3xxxi, 277, 280, 290$020139413$w08C20$937899
=653  \0$awonderkind$3253$020139413$w08C20$938047
=653  \0$aKerll, J.K.$3259$020139413$w08C20$933382
=653  \0$aKircher, A.$3279$020139413$w08C20$933414
=653  \0$aklarinet$3305$020139413$w08C20$933442
=653  \0$azuiverheid$3296, 297$020139413$w08C20$938176
=653  \0$aKrieger, J.P.$3xxx, 278-280$020139413$w08C20$933762
=653  \0$aLübeck$3262$020139413$w08C20$934243
=653  \0$aluit$3200, 207$020139413$w08C20$934262
=653  \0$ascordatura$3259$020139413$w08C20$939028
=653  \\$aAmman, J.$3207, 208$928659$020139413$w08C20
=653  \\$aBehaim, fam. $327-31, 166, 284, 285, 296$929374$020139413$w08C20
=653  \\$aBurckhard, N.$3xxxii, 282$930030$020139413$w08C20
=653  \\$achalumeau$3305$930388$020139413$w08C20
=653  \\$aCoclico, J.$352-54$930569$020139413$w08C20
=653  \\$aCuntz, S.$3xxxii, 298$930870$020139413$w08C20
=653  \\$aDeneufville, J.J.$3xxx, 263, 264$931009$020139413$w08C20
=653  \\$aDenner, S. & J.C.$3xxxii, 303, 305, 306$931013$020139413$w08C20
=653  \\$aEberlin, D.$3253$020139413$w08C20$931361
=653  \\$agebrandschilderde ramen kunstenares$3233$932062$020139413$w08C20
=653  \\$aGerl, H.$3xxxii, 291$932134$020139413$w08C20
=653  \\$aHassler, C. & J.L.$3xxx, 211, 212, 214$932612$020139413$w08C20
=653  \\$aHeinlein, P.$3xxx, 240, 241$932677$020139413$w08C20
=653  \\$aHeydn, C. & H.$3xxx, 75, 212, tab.iv$932768$020139413$w08C20
=653  \\$ainstrumentenbouwer$3293, 305$933091$020139413$w08C20
=653  \\$aKindermann, J.E. $3xxx, 225$933406$020139413$w08C20
=653  \\$aMerian, M.S.$3268-270$934684$020139413$w08C20
=653  \\$aNeusiedler, M. & J.$3xxx, 200, 207$935215$020139413$w08C20
=653  \\$aNürnberg_muziek in $3xxx, 27-31, 52-54, 102-105, 200, 207, 211, 212, 214, 215, 221, 225, 226, 227, 240, 241, 254, 253, 258, 259, 262, 263, 264, 271, 274, 275, 277, 278-280, 282, 284, 290, 291, 293, 296, 297, 298, 305, 306$935303$020139413$w08C20
=653  \\$aPachelbel, A.$3xxx, xxxi, 258, 259, 263, 271, 275$935697$020139413$w08C20
=653  \\$aPentz, S.$3xxx, 197$935845$020139413$w08C20
=653  \\$aPfuhl, A.$3xxx, 274, 275$935914$020139413$w08C20
=653  \\$aPohle, J.$3280$936048$020139413$w08C20
=653  \\$aracket$3305$936328$020139413$w08C20
=653  \\$aRichter, J.S.$3xxx, 271$938432$020139413$w08C20
=653  \\$aRotenburger, C.$3xxxii, 282$938581$020139413$w08C20
=653  \\$aSandrart, J.S. (J.J. v.)$3242-246, 248, 251, 252, 260, 261, 268, Tab.xiv, Tab.xv$938737$020139413$w08C20
=653  \\$aSchnitzer, S.$3293$938919$020139413$w08C20
=653  \\$aSchröter, J.$3278$938970$020139413$w08C20
=653  \\$aSchütz, fam. $3xxx, 253, 262, 263$939005$020139413$w08C20
=653  \\$aSchwemmer, H.$3253, 259$939023$020139413$w08C20
=653  \\$aStaden, J. $3xxx, 211, 221, 225, 226$936477$020139413$w08C20
=653  \\$aStaden, S.$3xxx, 211, 221, 225, 226$936478$020139413$w08C20
=653  \\$aStoß, V.$3191, 192, Tab.iii$936610$020139413$w08C20
=653  \\$aTreu, A.$3102-105$937101$020139413$w08C20
=653  \\$aWecker, G.C.$3xxx, 251, 253, 259$937887$020139413$w08C20
=856  \\$uhttps://digi.ub.uni-heidelberg.de/diglit/doppelmayr1730/0001/thumbs$3University Library Heidelberg
=942  \\$cBOO
=952  \\$00$10$2ddc$40$6KTS_1_000000000000000_C2_37_08C20$70$8RAR$91871$aORPH$bORPH$cKTS1_C2$d2020-07-08$eKoopman$l0$oKTS1 C2.37 08C20$p20139413$r2021-01-12 00:00:00$w2021-01-12$yBOO
=999  \\$d1871

