=LDR  01569acm a2200241   4500
=001  1877
=008  210412b\\\\\\\\\\\||l||\||||\00|\0\dut\d
=041  \\$adut
=059  \\$apf
=100  \\$aMillöcker, Carl$d1842-1899$4cmp$96354
=245  \\$aLaura-Wals (Laure Valse):$bmotief uit de opera Le [sic] Etudiant Pauvre
=260  \\$as.l.$c1882 or later
=300  \\$a10 pages
=500  \\$aWaltz on a motif from the operetta 'Der Bettelstudent' (1882)
=501  \\$aWedren-galop. Herinnering aan Scheveningen (Augustus 1846)
Neerlands invalide. Marsch voor piano
Das Echo von Luzern
Behüt' dich Gott, es wär zu schön gewesen. Jung Werners Abschiedslied aus Der Trompeter von Sakkingen
Prinsen-marsch
De moord van Buiksloot. Humoristische marsch voor piano en zang
3e October-Feest-Marsch
Gasparone-Marsch
Voor 't vaderland. Der Bettelstudent
Prinsesse-lied. Aan Neêrlands hoop, ons koningskind
t Vierde! Marsch
Verdreven van huis. Ballade
Charlotta-Wals
Tabaks-Monopol-Polka [op. 34]
Als dat niet trekt, trekt niemendal
=648  \0$a19th Century (1801-1900)$1http://www.wikidata.org/entity/Q6955$920935
=650  \0$aInstrumental music$1http://www.wikidata.org/entity/Q639197$92106
=650  \0$aOperetta$1http://www.wikidata.org/entity/Q170384$921651
=765  \\$aDer Bettelstudent
=773  \\$019943$t[Collection of various piano pieces and songs]$w19943
=942  \\$cMS
=952  \\$00$10$2ddc$40$6KTS_1_000000000000000_C2_34_08C22J$70$8RAR$91877$aORPH$bORPH$cKTS1_C2$d2020-07-08$eKoopman$i08C22j$l0$oKTS1 C2.34 08C22j$r2021-01-12 00:00:00$w2021-01-12$yMS
=999  \\$d1877

