=LDR  01267acm a2200193   4500
=001  1886
=008  210412b\\\\\\\\\\\||l||\||||\00|\0\dut\d
=041  \\$adut
=059  \\$apf
=100  \\$aMann, Johann Gottfried Hendrik$d1858-1904$4cmp$96359
=245  \\$a3e October-Feest-Marsch
=260  \\$aNetherlands [?]$cs.d.
=300  \\$a2 pages
=501  \\$aWedren-galop. Herinnering aan Scheveningen (Augustus 1846)
Neerlands invalide. Marsch voor piano
Das Echo von Luzern
Behüt' dich Gott, es wär zu schön gewesen. Jung Werners Abschiedslied aus Der Trompeter von Sakkingen
Prinsen-marsch
De moord van Buiksloot. Humoristische marsch voor piano en zang
Gasparone-Marsch
Voor 't vaderland. Der Bettelstudent
Laura-Wals (Laure Valse)
Prinsesse-lied. Aan Neêrlands hoop, ons koningskind
t Vierde! Marsch
Verdreven van huis. Ballade
Charlotta-Wals
Tabaks-Monopol-Polka [op. 34]
Als dat niet trekt, trekt niemendal
=650  \0$aInstrumental music$1http://www.wikidata.org/entity/Q639197$92106
=773  \\$019943$t[Collection of various piano pieces and songs]$w19943
=942  \\$cMS
=952  \\$00$10$2ddc$40$6KTS_1_000000000000000_C2_34_08C22G$70$8RAR$91886$aORPH$bORPH$cKTS1_C2$d2020-07-08$eKoopman$i08C22g$l0$oKTS1 C2.34 08C22g$r2021-01-12 00:00:00$w2021-01-12$yMS
=999  \\$d1886

