=LDR  02535aam a2200265   4500
=001  1891
=005  20251103100520.0
=008  220830s1714\\\\|||a||||\||||\00|\0dger\d
=041  \\$ager
=100  \\$aVogel, Johann Jacob$d1660-1729$4aut$1http://www.wikidata.org/entity/Q1694951$96367
=245  \\$aLeipzigisches Geschicht-Buch oder Annales$b...von Anno 661. nach Christi Geburth an, biß in das 1714. Jahr...
=260  \\$aLeipzig$bLanck$c1714
=300  \\$a[x]-1077-[61] pages$bengraved first page, inserted litography pasted on frontmatter
=500  \\$ainsterted 19th century lithography after W. Radegast pasted on frontmatter  ("Die Thomaskirche und die Thomasschule zu Leipzig im Anfange des 18ten Jahrhunderts")
=500  \\$aPublished in a second edition in 1756 due to its great success - the history of Leipzig and part of Saxony is presented in chronological form from the year 661 onwards on about 1100 pages in detail and with indexes. The Annales are still considered the most comprehensive chronological account of Leipzig's history up to the 18th century.
=504  \\$aIndex
=561  \\$aEx libris Friedrich Herrmann 1883 (manuscript)
=590  \\$aDas ist: Jahr- und Tage-Bücher Der Weltberühmten Königl. und Churfürstlichen Sächsischen Kauff- und Handels-Stadt Leipzig, In welchen die meisten merckwürdigsten Geschichte und geschehene Veränderungen , die in und bey belobter Stadt und Gegend, beydes in Geistll. als Weltl. Sachen, sowohl in Friedens- als Kriegeszeiten, von Anno 661. nach Christi Geburth an, biß in das 1714. Jahr, von Tage zu Tage sich begeben haben, enthalten sind; Alle zum theil aus glaubwürdigen alten und neuen, beydes gedruckten als geschriebenen Chronicken, bewährten Historicis, uhralten Urkunden und Documenten, zum theil auch aus eigener Erfahrung mit nicht geringer Mühe aus angebohrner Liebe zusammen getragen und in richtige Ordnung verfasset; Auch mit dienlichen Marginalien und einen benöthigten Register erläutert
=648  \0$a18th Century (1701-1800)$1http://www.wikidata.org/entity/Q7015$920899
=650  \0$aHistory$1http://www.wikidata.org/entity/Q309$921403
=651  \0$aLeipzig (Germany)$1http://www.wikidata.org/entity/Q2079$945
=856  \\$uhttps://digital.slub-dresden.de/werkansicht/dlf/64706/7/$3Saxon State and University Library, Dresden
=942  \\$cBOO
=952  \\$00$10$2ddc$40$6KTS_1_000000000000000_C2_37_08C25$70$8RAR$91891$aORPH$bORPH$cKTS1_C2$d2020-07-08$eKoopman$l0$oKTS1 C2.37 08C25$p20139415$r2021-01-12 00:00:00$w2021-01-12$yBOO
=999  \\$d1891

