=LDR  01561acm a2200253   4500
=001  1892
=005  20251103100628.0
=008  220830s1724\\\\|||||a||\||||\00|\0\fre\d
=041  \\$afre
=059  \\$afl bc
=100  \\$aBoismortier, Joseph Bodin de$d1689-1755$4cmp$1http://www.wikidata.org/entity/Q512133$96143
=245  \\$aSonates pour la flûte-traversière, avec la basse op. 3
=250  \\$a1st ed.
=260  \\$aParis$bBoismortier; Boivin$c1724
=300  \\$a[iv]-24 pages
=501  \\$aBound in with 'Sonates à deux flûtes-traversières sans basse op. 1', 'Sonates à deux flûtes-traversières sans basse op. 2', 'Sonates à deux flûtes-traversières sans basse op. 6', 'Sonates à deux flûtes-traversières sans basse op. 8' , 'Petites sonates à deux flûtes traversières sans basse op. 13', 'VI suites de pièces à deux muzettes. Qui conviennent aux vielles, flûtes-a-bec, traversières & hautbois op. 11' and 'Sonates pour la flûte-traversière, avec la basse op. 9'
=648  \0$a18th Century (1701-1800)$1http://www.wikidata.org/entity/Q7015$920899
=650  \0$aInstrumental music$1http://www.wikidata.org/entity/Q639197$92106
=651  \0$aFrance$1http://www.wikidata.org/entity/Q142$9131
=773  \\$020959$t[Boismortier Collection]$w20959
=856  \\$uhttps://gallica.bnf.fr/view3if/ga/ark:/12148/btv1b9009735q$3iiif
=942  \\$cSCO
=952  \\$00$10$2ddc$40$6KTS_1_000000000000000_C2_37_08C26G$70$8RAR$91892$aORPH$bORPH$cKTS1_C2$d2020-07-08$eKoopman$l0$oKTS1 C2.37 08C26g$p20139414g$r2021-01-12 00:00:00$w2021-01-12$ySCO
=999  \\$d1892

