=LDR  01626acm a2200253   4500
=001  1899
=005  20251103100735.0
=008  220830s1726\\\\|||||a||\||||\00|\0\fre\d
=041  \\$afre
=059  \\$a2fl
=100  \\$aBoismortier, Joseph Bodin de$d1689-1755$4cmp$1http://www.wikidata.org/entity/Q512133$96143
=245  \\$aPetites sonates à deux flûtes traversières sans basse op. 13
=250  \\$a1st ed.
=260  \\$aParis$bBoismortier; Boivin$c1726
=300  \\$a[ii]-24 pages
=501  \\$aBound in with 'Sonates à deux flûtes-traversières sans basse op. 1', 'Sonates à deux flûtes-traversières sans basse op. 2', 'Sonates à deux flûtes-traversières sans basse op. 6', 'Sonates à deux flûtes-traversières sans basse op. 8', 'VI suites de pièces à deux muzettes. Qui conviennent aux vielles, flûtes-a-bec, traversières & hautbois op. 11', ' Sonates pour la flûte-traversière, avec la basse op. 3' and 'Sonates pour la flûte-traversière, avec la basse op. 9'
=648  \0$a18th Century (1701-1800)$1http://www.wikidata.org/entity/Q7015$920899
=650  \0$aInstrumental music$1http://www.wikidata.org/entity/Q639197$92106
=651  \0$aFrance$1http://www.wikidata.org/entity/Q142$9131
=773  \\$020959$t[Boismortier Collection]$w20959
=856  \\$uhttps://imslp.org/wiki/12_Sonatas_for_2_Flutes%2C_Op.13_(Boismortier%2C_Joseph_Bodin_de)$3International Music Score Library Project
=942  \\$cSCO
=952  \\$00$10$2ddc$40$6KTS_1_000000000000000_C2_37_08C26E$70$8RAR$91899$aORPH$bORPH$cKTS1_C2$d2020-07-08$eKoopman$l0$oKTS1 C2.37 08C26e$p20139414e$r2021-01-12 00:00:00$w2021-01-12$ySCO
=999  \\$d1899

