=LDR  02600acm a2200313   4500
=001  1900
=008  210903s1783\\\\\\\||a||\||||\00|\0\fre\d
=041  \\$afre
=059  \\$avv, ch, orch
=100  \\$aSacchini, Antonio$d1730-1786$4cmp$1http://www.wikidata.org/entity/Q366727$94759
=245  \\$aRenaud.$bTragédie lyrique en trois actes
=260  \\$aParis$bSacchini$c1783 or later
=300  \\$a[iv]-243 pages
=500  \\$aSacchini's Renaud was first performed on 28 February 1783 by the Académie Royale de Musique at the Théâtre de la Porte Saint-Martin in Paris. It takes the form of a tragédie lyrique in three acts. The French libretto, by Jean-Joseph Lebœuf is based on Cantos XVII and XX of Torquato Tasso's epic poem Gerusalemme liberata and, more directly, on the five-act tragedy by Simon-Joseph Pellegrin, Renaud, ou La suite d'Armide, which had been set to music by Henri Desmarets in 1722 and was intended as a sequel to Lully's famous opera Armide. According to Théodore Lajarte, Lebœuf was helped by Nicolas-Étienne Framery, the regular translator of Sacchini's libretti. (Wikipedia)
=500  \\$aPrint plates of the score are identical with Le Duc's Edition of 1783, but title page differs ("Gravée par Huguet Musicien de la Comédie Italienne. A Paris, chez l'Auteur, rue Basse du Rempart no17, et aux adresses ordinaires de Musique. A.P.D.R. Imprimée par Basset"), and a dedication page to the Queen is added.
=500  \\$aThe opera has two extensive ballets (ends of act 1 & 3).
=590  \\$aRepresentée pour la premiere fois par l'Académie Royale de Musique le Mardi 25. Fevrier 1783. Dédiée a la Reine
=610  \0$aOpéra (Paris, France)$1http://www.wikidata.org/entity/Q283339$920898
=648  \0$a18th Century (1701-1800)$1http://www.wikidata.org/entity/Q7015$920899
=650  \0$aOpera$1http://www.wikidata.org/entity/Q1344$92468
=650  \0$aBallet$1http://www.wikidata.org/entity/Q41425$94412
=651  \0$aParis (France)$1http://www.wikidata.org/entity/Q90$9160
=700  \\$4lbt$aLebœuf, Jean Joseph$dfl. 18th century$96368
=700  \\$4lbt$aFramery, Nicolas Étienne$d1745-1810$1http://www.wikidata.org/entity/Q1986373$96369
=700  \\$4chr$aGardel, Maximilien$d1741-1787$1http://www.wikidata.org/entity/Q717360$924805
=856  \\$uhttps://imslp.org/wiki/Renaud_(Sacchini%2C_Antonio)$3International Music Score Library Project
=942  \\$cSCO
=952  \\$00$10$2ddc$40$6KTS_1_000000000000000_C2_37_08C27$70$8RAR$91900$aORPH$bORPH$cKTS1_C2$d2020-07-08$eKoopman$oKTS1 C2.37 08C27$p20139417$r2021-01-12 00:00:00$w2021-01-12$ySCO
=999  \\$d1900

