=LDR  02092acm a2200277   4500
=001  1902
=008  220901s1788\\\\|||||l||\||||\00|\0\\\\\d
=041  \\$afre
=059  \\$ahpd
=100  \\$aHaydn, Joseph$d1732-1809$4cmp$1http://www.wikidata.org/entity/Q7349$94783
=240  \\$a20 variations Hob.XVII:2
=245  \\$aMinuet favorit avec variations pour le clavecin no. 1
=260  \\$aAmsterdam$bSchmitt$cs.d.
=300  \\$a9 pages
=500  \\$aTheme and 20 variations
=500  \\$aSchmitt in Amsterdam regulary issued London sold editions with a new title page, amongst others this minuet with variations editied by Hummel and sold in London by Bland.
=500  \\$a= Arietta con variazioni, Hob.XVII:2
=500  \\$aMinuet Favorit | avec Variations; | Pour le | Clavecin. | Nro. I(I) | à Amsterdam. | chés J: Schmitt Marchand de Musique dans le Warmoesstraat. | Prix f1. Location: A Wn, D F, D LB, DK Kk, GB Lbl. Dating: 1781-1785. Remarks: E-flat major. Hob XVII:3. First edition J.J. Hummel (Berlin/Amsterdam, 1780-1781) (RISM H 3977). According to JHW Schmitt has reprinted Hummel. However, 'Menuetto | Con Variationi' on the second page makes it clear that Schmitt has used copies of Hummel's editions and only made the title page. 'Marchand de musique' used between 1779 and 1785. W1782, 99 mentions Amsterdam edition of this piece. Could be J.J. Hummel or Schmitt. Copy A Wn: handwritten: 'Imported & Sold by J Bland : N 45 Holborn : price 2/-'.
=504  \\$ahttps://docshare.tips/thesis-joseph-schmitt_57528e5bb6d87fee7c8b4878.html
=648  \0$a18th Century (1701-1800)$1http://www.wikidata.org/entity/Q7015$920899
=648  \0$a19th Century (1801-1900)$1http://www.wikidata.org/entity/Q6955$920935
=650  \0$aKeyboard music$1http://www.wikidata.org/entity/Q105715630$921412
=650  \0$aTheme and variations$1http://www.wikidata.org/entity/Q763324$92038
=942  \\$cSCO
=952  \\$00$10$2ddc$40$6KTS_1_000000000000000_C2_37_08C29$70$8RAR$91902$aORPH$bORPH$cKTS1_C2$d2020-07-08$eKoopman$l0$oKTS1 C2.37 08C29$p20139418$r2021-01-12 00:00:00$w2021-01-12$ySCO
=999  \\$d1902

