=LDR  00865acm a2200205   4500
=001  1903
=008  220901s1788\\\\|||||l||\||||\00|\0\eng\d
=041  \\$aeng
=059  \\$akbd 4h
=100  \\$aMozart, Wolfgang Amadeus$d1756-1791$4cmp$1http://www.wikidata.org/entity/Q254$95341
=240  \\$aSonate D-Dur KV.381
=245  \\$aA Duet for Two Performers on One Pianoforte or Harpsichord op. 3
=260  \\$aLondon$bBirchall$c1788
=300  \\$a17 pages
=500  \\$aComposed in Vienna, Summer 1772
=648  \0$a18th Century (1701-1800)$1http://www.wikidata.org/entity/Q7015$920899
=650  \0$aKeyboard music$1http://www.wikidata.org/entity/Q105715630$921412
=942  \\$cSCO
=952  \\$00$10$2ddc$40$6KTS_1_000000000000000_C2_37_08C30$70$8RAR$91903$aORPH$bORPH$cKTS1_C2$d2020-07-08$eKoopman$l0$oKTS1 C2.37 08C30$p20139419$r2021-01-12 00:00:00$w2021-01-12$ySCO
=999  \\$d1903

