=LDR  01867aam a2200301   4500
=001  1905
=005  20251013174932.0
=008  220905s1760\\\\||||||||\||||\00|\0\ger\d
=041  \\$ager
=100  \\$aQuirsfeld, Johann$d1642-1686$4aut$1http://www.wikidata.org/entity/Q6060007$96374
=245  \\$aBesuchtes Golgotha, $boder eine Geistliche Wallfahrt an den Ort des bittern Leidens und Sterbens JESU CHRISTI
=260  \\$aLeipzig$bSchönermarck$c1760
=300  \\$a9-[4] pages
=500  \\$aJohann Quirsfeld (1642-1686) was a composer and theologian who worked as Kantor of St Marien in Pirna near Dresden
=500  \\$aManuscript notes on back matter dated 13 August 1826
=501  \\$aBound in with 'Evangelisches Hertzens Schatz'
=534  \\$aOriginally published in 1680$ohttps://play.google.com/books/reader?id=c-M2Zrcc6F4C&pg=GBS.PP4&hl=en_GB
=590  \\$aalso vorgestellet Das die gläubige Seele auf solcher Reise von einem Engel begleitet, und von obiger Materia in allen Gesprächs=weise heilsamlich unterrichtet wird. Unjetzo Auf Verlangen vieler Liebhaber derer geistreichen Quirsfeldischen Schriften ihrer Erbaulichkeit wegen auf das neue an den Tag gegeben.
=648  \0$a18th Century (1701-1800)$1http://www.wikidata.org/entity/Q7015$920899
=648  \0$a17th Century (1601-1700)$1http://www.wikidata.org/entity/Q7016$920923
=650  \0$aLutheranism$1http://www.wikidata.org/entity/Q75809$923975
=650  \0$aSacred dialog$93476
=651  \0$aSaxony (Germany)$1http://www.wikidata.org/entity/Q1202$955
=653  \0$aop de wijze van$34, 6, 8, 96$020139422b$w08C32b$935397
=773  \\$01906$tEvangelisches Hertzens Schatz$w1906
=942  \\$cBOO
=952  \\$00$10$2ddc$40$6KTS_1_000000000000000_C2_37_08C32B$70$8RAR$91905$aORPH$bORPH$cKTS1_C2$d2020-07-08$eKoopman$l0$oKTS1 C2.37 08C32b$p20139422b$r2021-01-12 00:00:00$w2021-01-12$yBOO
=999  \\$d1905

