=LDR  02711aam a2200289   4500
=001  1906
=008  220901s1768\\\\|||a||||\||||\00|\0\ger\d
=041  \\$ager
=100  \\$aQuirsfeld, Johann$d1642-1686$4aut$1http://www.wikidata.org/entity/Q6060007$96374
=245  \\$aEvangelisches Hertzens Schatz
=260  \\$aLeipzig$bSommer$c1768
=300  \\$a2 vols. in 1 ([xx]-558-[14]-283-[5] pages)$bdouble paged frontispiece engraving, title page in red and black ink, illustrations, leather bound embossed cover, metal locks, metal corners$c34x22x9 cm
=500  \\$aJohann Quirsfeld (1642-1686) was a composer and and evangelican-lutheran theologian who worked as Kantor of St Marien in Pirna near Dresden
=500  \\$aSee also 16E17
=500  \\$aElaborate double paged frontispiece engraving after Christian Ehrenfried Schiebling (before 1674-1687), depicting author's portrait as well as various pious scenes
=501  \\$aBound in with 'Besuchtes Golgotha'
=534  \\$aOriginally published in 1682
=590  \\$aoder Erklärung aller Sonn- und Fest-täglichen Evangelien, in solcher Ordnung abgehandelt, dass darinnen Der liebreiche Jesus durch Unterredung eines Lehr-Engels und gläubigen Seele ein sündliches Welt-Herz bey jetzigem bösen Welt-Lauffe und letzten Zeiten, durch bewegliche Vermahnungen une ernstliche Dräuungen, auch vielerley merkwürdige Exempel und Historien, zu rechtschaffener Busse bekehret, hingegen aber Ein frommes und betrübtes Christen-Hertz zu eifriger Fortsetzung seines Christenthums anvermahnet. Welchem beygefüget Vier und vierzig geistreiche Paßions-Andachten, durch welche ein jeder zur heilsamen Betrachtung des bitteren Leidens und Sterbens Jesu Christi angewiesen wird ... Sonntags-Theil, worinnen die Evangelien über die hohen Apostel  und andere Feste durchs ganze Jahr dergestalt erweget werden. Daß Jesus darinnen vorgestellet, Und zwischen Ihm, einem Lehr-Engel, einer gläubigen Seele, und sichern Welt Hertzen, Ein beweglich Gespräch gehalten wird. Auf Begehren und zur Erbauung der Kirche Christi in Druck gegeben 
=648  \0$a17th Century (1601-1700)$1http://www.wikidata.org/entity/Q7016$920923
=648  \0$a18th Century (1701-1800)$1http://www.wikidata.org/entity/Q7015$920899
=650  \0$aLutheranism$1http://www.wikidata.org/entity/Q75809$923975
=650  \0$aSacred dialog$93476
=651  \0$aSaxony (Germany)$1http://www.wikidata.org/entity/Q1202$955
=653  \\$apreken door het gehele jaar$3wb$936141$020139422a$w08C32a
=942  \\$cBOO
=952  \\$00$10$2ddc$40$6KTS_1_000000000000000_C2_37_08C32A$70$8RAR$91906$aORPH$bORPH$cKTS1_C2$d2020-07-08$eKoopman$l0$oKTS1 C2.37 08C32a$p20139422a$r2021-01-12 00:00:00$w2021-01-12$yBOO
=999  \\$d1906

