=LDR  02112acm a2200277   4500
=001  1909
=008  220905s1797\\\\|||||a||\||||\00|\0\eng\d
=041  \\$aeng
=059  \\$a3STB SATB 2ob 2bsn 2tpt timp 2vn vla bc
=100  \\$aHandel, George Frideric$d1685-1759$4cmp$1http://www.wikidata.org/entity/Q7302$94765
=245  \\$aRedemption. A Sacred Oratorio in Score Selected from the Favorite Works of G. F. Händel, and Formed into a Regular Drama by Samuel Arnold
=260  \\$aLondon$bBirchall$c1797c
=300  \\$a[ii]-315 pages
=500  \\$aSamuel Arnold had his pasticcio "Redemption", composed largely of Handel works, premiered in 1786. However, it was probably not printed until years later, because Arnold used printing plates for this that he had had made for his Handel Complete Edition (1787-1797). Included are edited excerpts from the "Occasional Oratorio" (4 x), from "Samson", "Jephtha", "Semele", "Saul" (4 x), "Joseph", "Judas Maccabaeus" (2 x), "Israel in Egypt" (5 x), "Joshua" (2 x), "Esther" (2 x), "Theodora", the "Funeral Anthem", the "Utrecht Jubilate" (2 x), as well as from the operas "Ezio", "Sosarme", "Siroe", "Deidamia" and "Rodelinda".
=500  \\$afull paged colored ex libris of John King, Letcliff 1831
=500  \\$aDr. Samuel Arnold conducted oratorios at Covent Garden (with Linley, 1786-94) and the Academy of Antient Music (1789-92)
=561  \\$aEx Libris "Book Letcliff 1831" (manuscript)
=648  \0$a18th Century (1701-1800)$1http://www.wikidata.org/entity/Q7015$920899
=650  \0$aOratorio$1http://www.wikidata.org/entity/Q85477$91825
=650  \0$aPasticcio$1http://www.wikidata.org/entity/Q674448$923528
=651  \0$aUnited Kingdom$1http://www.wikidata.org/entity/Q21$9273
=700  \\$4adp$4cmp$aArnold, Samuel$d1740-1802$1http://www.wikidata.org/entity/Q1379741$96562
=856  4\$uhttps://st.museum-digital.de/index.php?t=objekt&oges=40797
=942  \\$cSCO
=952  \\$00$10$2ddc$40$6KTS_1_000000000000000_C2_37_08C35$70$8RAR$91909$aORPH$bORPH$cKTS1_C2$d2020-07-08$eKoopman$l0$oKTS1 C2.37 08C35$p20139423$r2021-01-12 00:00:00$w2021-01-12$ySCO
=999  \\$d1909

