=LDR  01719    a2200253   4500
=001  1910
=008  220905s1775\\\\|||fea||\||||\00|\0\ger\d
=041  \\$ager
=100  \\$aSilbermann, Johann Andreas$d1712-1783$4aut$1http://www.wikidata.org/entity/Q321618$96380
=245  \\$aLocal-Geschichte der Stadt Straßburg
=250  \\$a1st ed.
=260  \\$aStraßburg$bLorenz$c1775
=300  \\$a[xiv]-232-[13] pages$b16 plates including 7 folding maps$c35x22 cm
=500  \\$aContains supplementary plates, added by Cor Knops from a different exemplar
=500  \\$aXVI plates including 7 large leaflets, printed on fine strong paper. The plans are by Weiss, with fine cartridges and present Strasbourg and its construction at various times. Weiss - also spelled Weis - was a famous engraver from the city of Strasbourg, we owe him the festive book of Louis XV in Strasbourg. Here he has cured cartouches and pays homage to Gutenberg in one of these cartouches. As for Silbermann, he is surely better known as an organ builder than as a historian.
=648  \0$a18th Century (1701-1800)$1http://www.wikidata.org/entity/Q7015$920899
=650  \0$aHistory$1http://www.wikidata.org/entity/Q309$921403
=651  \0$aStrasbourg (France)$1http://www.wikidata.org/entity/Q6602$921953
=653  \0$aharp$327, 46, 164, 223$020139425$w08C36$932582
=700  \\$4ill$aWeiss, Johann-Martin$d1711-1751$1http://www.wikidata.org/entity/Q18508395$924830
=856  \\$uhttps://books.google.be/books?id=mOVBAQAAMAAJ$3Google Books
=942  \\$cBOO
=952  \\$00$10$2ddc$40$6KTS_1_000000000000000_C2_37_08C36$70$8RAR$91910$aORPH$bORPH$cKTS1_C2$d2020-07-08$eKoopman$l0$oKTS1 C2.37 08C36$p20139425$r2021-01-12 00:00:00$w2021-01-12$yBOO
=999  \\$d1910

