=LDR  01346aam a2200253   4500
=001  1912
=005  20251029110828.0
=008  210402s1792\\\\\\\a||||\||||\00|\p\dut\d
=041  \\$adut
=100  \\$aFeith, Rhijnvis$d1753-1824$4aut$1http://www.wikidata.org/entity/Q1375304$95084
=245  \\$aHet graf, in vier zangen
=250  \\$a1st ed.
=260  \\$aAmsterdam$bAllart$c1792
=300  \\$axiv-105-[2] pages
=500  \\$aRhijnvis Feith (1753-1824) was a poet from Zwolle who studied law in Leiden together with Willem Bilderdijk, by whom he was influenced
=501  \\$a03D03: Rhijnvis' 'De ouderdom'
=648  \0$a18th Century (1701-1800)$1http://www.wikidata.org/entity/Q7015$920899
=650  \0$aPoetry$1http://www.wikidata.org/entity/Q482$93026
=651  \0$aNetherlands$1http://www.wikidata.org/entity/Q55$9173
=856  \\$uhttps://www.dbnl.org/tekst/feit007graf01_01/feit007graf01_01_0006.php$3Digital Library for Dutch Literature (DBNL)
=942  \\$cBOO
=952  \\$00$10$2ddc$40$6KTS_1_000000000000000_C1_66_03D03A$70$8RAR$9409$aORPH$bORPH$cKTS1_C1$d2020-07-08$eKoopman$oKTS1 C1.66 03D03a$p20138105$r2021-01-12 00:00:00$w2021-01-12$yBOO
=952  \\$00$10$2ddc$40$6KTS_1_000000000000000_C3_22_08D01$70$8RAR$91912$aORPH$bORPH$cKTS1_C3$d2020-07-08$eKoopman$l0$oKTS1 C3.22 08D01$p20145535$r2021-01-12 00:00:00$w2021-01-12$yBOO
=999  \\$d1912

