=LDR  02008acm a2200349   4500
=001  1913
=008  230704b\\\\\\\\|||||l||\||||\00|\0\fre\d
=041  \\$afre
=245  \\$aChansons françaises
=260  \\$aParis$bs.n.$c17xx
=300  \\$a[21] pages
=500  \\$aConvolute of different operatic excerpts
=505  \\$g'Air de Renaud d'Ast' (1797) / Dalayrac -- 'Duo du Héron' ('Le Huron' 1767?) / Grétry -- 'Duo de l'amant jaloux' (1778) / Grétry -- 'De Dardanus' (1739) / Rameau -- 'Air des prétendus' (1789) / Lemoyne -- 'Air de Démophon' (1789) / Vogel -- 'Du Devin de village' (1752) / Rousseau
=648  \0$1http://www.wikidata.org/entity/Q7015$a18th Century (1701-1800)$920899
=650  \0$aSong$1http://www.wikidata.org/entity/Q7366$94164
=650  \0$aOpera$1http://www.wikidata.org/entity/Q1344 $92468
=651  \0$1http://www.wikidata.org/entity/Q90$aParis (France)$9160
=700  \\$1http://www.wikidata.org/entity/Q952520$4cmp$aDalayrac, Nicolas$d1753-1809$96382
=700  \\$1http://www.wikidata.org/entity/Q210962$4cmp$aGrétry, André-Ernest-Modeste$d1741-1813$94756
=700  \\$1http://www.wikidata.org/entity/Q1145$4cmp$aRameau, Jean-Philippe$d1683-1764$94787
=700  \\$1http://www.wikidata.org/entity/Q508319$4cmp$aLemoyne, Jean-Baptiste$d1751-1796$96383
=700  \\$4cmp$96384$aVogel, Johann Christoph
=700  \\$1http://www.wikidata.org/entity/Q6527$4cmp$aRousseau, Jean-Jacques$d1712-1778$95214
=700  \\$4cmp$aRadet, Jean-Baptiste$96385
=700  \\$4cmp$aBarré, Pierre-Yves$96386
=700  \\$1http://www.wikidata.org/entity/Q7790350$4cmp$ad'Hèle, Thomas$d1740-1780$95838
=700  \\$4cmp$aLeclerc de La Bruère, Charles-Antoine$d1714-1754$96387
=700  \\$4cmp$96388$aChabannes, Rochon de
=700  \\$4cmp$96389$aDesriaux, Philippe
=942  \\$cSCO
=952  \\$00$10$2ddc$40$6KTS_1_000000000000000_C3_22_08D02$70$8RAR$91913$aORPH$bORPH$cKTS1_C3$d2020-07-08$eKoopman$l0$oKTS1 C3.22 08D02$p20145536$r2021-01-12 00:00:00$w2021-01-12$ySCO
=999  \\$d1913

