=LDR  01055aam a2200217   4500
=001  1916
=008  230704s1865\\\\||||||||\||||\00|\0\dut\d
=041  \\$adut
=100  \\$aBusken Huet, Conrad$d1826-1886$4aut$1http://www.wikidata.org/entity/Q1126746$95090
=245  \\$aAan mevrouw Bosboom-Toussaint
=260  \\$aHaarlem$bVon München$c1865
=300  \\$a38 pages
=500  \\$aLetter to Anna Louisa Geertruida Bosboom-Toussaint (1812-1886), author of historical novels and novellas
=648  \0$1http://www.wikidata.org/entity/Q6955$a19th Century (1801-1900)$920935
=650  \0$aCorrespondence$1http://www.wikidata.org/entity/Q1784733$921392
=650  \0$aLiterature$1http://www.wikidata.org/entity/Q8242$94439
=651  \0$1http://www.wikidata.org/entity/Q55$aNetherlands$9173
=700  \\$4rcp$aBosboom-Toussaint, Anna Louisa Geertruida$95724
=942  \\$cBOO
=952  \\$00$10$2ddc$40$6KTS_1_000000000000000_C3_22_08D05$70$8RAR$91916$aORPH$bORPH$cKTS1_C3$d2020-07-08$eKoopman$l0$oKTS1 C3.22 08D05$p20145539$r2021-01-12 00:00:00$w2021-01-12$yBOO
=999  \\$d1916

