=LDR  03838    a2200661   4500
=001  1917
=008  230706s1891\\\\||||||||\||||\00|\0bdut\d
=041  \\$adut
=100  \\$aMeijer, Carel Hendrik Philippus$4aut$96392
=245  \\$aPieter Langendyk:$bzijn leven en werken
=260  \\$aThe Hague$bMeijer$c1891
=300  \\$aviii-568 pages
=500  \\$aDissertation on the Dutch playwright Pieter Langendijk (1683-1756). He was a damask weaver, city artist, dramatist, and poet. 
=648  \0$1http://www.wikidata.org/entity/Q6955$a19th Century (1801-1900)$920935
=650  \0$aTheater history$1http://www.wikidata.org/entity/Q1061140$94607
=650  \0$aBiography$1http://www.wikidata.org/entity/Q36279$91927
=651  \0$1http://www.wikidata.org/entity/Q55$aNetherlands$9173
=653  \0$aAddison$344, 45, 410$020145540$w08D06$928483
=653  \0$abibliotheek$3144, 166, 554-556, 558, 559$020145540$w08D06$929548
=653  \0$aboekoplage$395, 96, 105, 557$020145540$w08D06$929699
=653  \0$aboekzaal$3232-443$020145540$w08D06$929708
=653  \0$aBrederode$342, 44, 219, 256$020145540$w08D06$929896
=653  \0$amuziek (algemeen)$3140, 141, 198, 247, 248, 252, 449, 473$020145540$w08D06$934992
=653  \0$acompositieloon$332, 95, 97$020145540$w08D06$930641
=653  \0$aop de wijze van $315, 125, 146$020145540$w08D06$935398
=653  \0$aentréeprijs$361, 62, 63, 79, 199, 200, 261$020145540$w08D06$931492
=653  \0$apubliek$3203$020145540$w08D06$936257
=653  \0$aFranse invloed in Nederland$342-45, 219, 220, 261 (sic), 397-402, 405-409, 420$020145540$w08D06$931882
=653  \0$atabak$3203$020145540$w08D06$936718
=653  \0$atrompet$3249$020145540$w08D06$937194
=653  \0$aHooft, P.C.$341, 42, 44, 219$020145540$w08D06$932893
=653  \0$aHoogstraten, D. van $3433, 435, 436, 437, 439, 441, 486, 513$020145540$w08D06$932919
=653  \0$aHoubraken, A.$3435, 439$020145540$w08D06$932953
=653  \0$aHuygens, C.$342, 253, 256, 483, 506, 507$020145540$w08D06$933032
=653  \0$ainventaris$3143, 144, 145, 170, 554-556$020145540$w08D06$933115
=653  \0$aklavecimbel_Nederland 18e eeuw$3449$020145540$w08D06$933503
=653  \0$arederijkers$3wb, 49-112, 554-557, 558, 559$020145540$w08D06$938298
=653  \0$aLairesse$3476$020145540$w08D06$933855
=653  \0$aLangendijk, P. $3wb, 46, 47, 48, 167-171$020145540$w08D06$933902
=653  \0$aLangendijk, P. _na dood$3423-425$020145540$w08D06$933903
=653  \0$asalaris$352, 76, 83, 91$020145540$w08D06$938697
=653  \0$aMilton$344, 45$020145540$w08D06$934765
=653  \\$aAmsterdam remonstrantse kerk orgel$3502$928669$020145540$w08D06
=653  \\$aAssendelft, P. & fam. van $364, 106$928843$020145540$w08D06
=653  \\$aConstantia et labore$322, 98, 198, 426-431$930678$020145540$w08D06
=653  \\$adichtduur$329$931053$020145540$w08D06
=653  \\$aHoogstraten, J. van $3433, 435, 436, 437, 439, 441, 486, 513$932920$020145540$w08D06
=653  \\$aLennep, J. van $3424$934046$020145540$w08D06
=653  \\$aMander, C. van $3555$934416$020145540$w08D06
=653  \\$aMolière$342, 43, 44, 220, 257$95673$020145540$w08D06
=653  \\$aprijs van een gedicht / boek- gedichtprijs$328, 29, 30, 31, 32, 89, 90, 93, 94, 289$936166$020145540$w08D06
=653  \\$aVoltaire$3536, 537, 538$95159$020145540$w08D06
=653  \\$aVondel, Joost van den$341, 125, 424$95247$020145540$w08D06
=653  \\$awindhandel in aandelen 18e eeuw$3290-331$937994$020145540$w08D06
=856  \\$uhttps://www.dbnl.org/tekst/meij043piet01_01/index.php$3Digital Library for Dutch Literature (DBNL)
=942  \\$cBOO
=952  \\$00$10$2ddc$40$6KTS_1_000000000000000_C3_22_08D06$70$8RAR$91917$aORPH$bORPH$cKTS1_C3$d2020-07-08$eKoopman$l0$oKTS1 C3.22 08D06$p20145540$r2021-01-12 00:00:00$w2021-01-12$yBOO
=999  \\$d1917

