=LDR  01278acm a2200277   4500
=001  1919
=008  230706s1705\\\\|||||l||\||||\00|\0\dut\d
=041  \\$adut
=059  \\$av bc
=245  \\$aLiederen, op nieuw Italiaans musiek
=250  \\$a1st ed.
=260  \\$aAmsterdam$bArentsz$bvander Sys$c[1705]
=300  \\$a[ii]-160-[3] pages
=500  \\$aFirst edition with new music composed by Franciscus Aarts (also Aerts)
=500  \\$a'Italian music' means 'figured bass'
=500  \\$aDirck Rafaelz Camphuysen (c. 1586-1627) was a poet, artist and preacher
=648  \0$1http://www.wikidata.org/entity/Q7015$a18th Century (1701-1800)$920899
=650  \0$aSong$1http://www.wikidata.org/entity/Q7366$94164
=650  \0$aPoetry$1http://www.wikidata.org/entity/Q482$93026
=650  \0$aBasso continuo$1http://www.wikidata.org/entity/Q724321$921065
=651  \0$1http://www.wikidata.org/entity/Q55$aNetherlands$9173
=700  \\$1http://www.wikidata.org/entity/Q1932984$4aut$aCamphuysen, Dirk Rafaelszoon$d1586-1627$95498
=700  \\$4cmp$aAarts, Franciscus$96394
=942  \\$cSCO
=952  \\$00$10$2ddc$40$6KTS_1_000000000000000_C3_22_08D08$70$8RAR$91919$aORPH$bORPH$cKTS1_C3$d2020-07-08$eKoopman$l0$oKTS1 C3.22 08D08$p20145542$r2021-01-12 00:00:00$w2021-01-12$ySCO
=999  \\$d1919

