=LDR  01282aam a2200241   4500
=001  1920
=008  230706s1737\\\\|||g||||\||||\00|\0\ger\d
=041  \\$ager
=100  \\$aMattheson, Johann$d1681-1764$4aut$1http://www.wikidata.org/entity/Q170333$95222
=245  \\$aKern melodischer Wissenschaft, bestehend in den auserlesensten Haupt- und Grund-Lehren der musikalischen Setz-Kunst oder Composition
=250  \\$a1st ed.
=260  \\$aHamburg$bHerold$c1737
=300  \\$a[xvi]-182-[4] pages$btitle page in red and black ink
=500  \\$aCited in Koopman 1985, 103
=590  \\$aals ein Vorläuffer des Vollkommenen Capellmeisters
=648  \0$1http://www.wikidata.org/entity/Q7015$a18th Century (1701-1800)$920899
=650  \0$aComposing$1http://www.wikidata.org/entity/Q92186587$93076
=650  \0$aMusic theory$1http://www.wikidata.org/entity/Q193544$92662
=651  \0$1http://www.wikidata.org/entity/Q1055$aHamburg (Germany)$921940
=856  \\$uhttps://imslp.org/wiki/Kern_Melodischer_Wissenschafft_(Mattheson%2C_Johann)$3International Music Score Library Project
=942  \\$cBOO
=952  \\$00$10$2ddc$40$6KTS_1_000000000000000_C3_22_08D09$70$8RAR$91920$aORPH$bORPH$cKTS1_C3$d2020-07-08$eKoopman$l0$oKTS1 C3.22 08D09$p20145543$r2021-01-12 00:00:00$w2021-01-12$ySCO
=999  \\$d1920

