=LDR  13513aam a2202233   4500
=001  1921
=003  OSt
=005  20250619113155.0
=008  210208s1732\\\\\\\|||||\||||\00|\0\ger\d
=040  \\$cBF
=041  \\$ager
=100  \\$aWalther, Johann Gottfried$d1684-1748$4aut$1http://www.wikidata.org/entity/Q61716$915404
=245  \\$aMusicalisches Lexicon oder Musicalische Bibliothec
=250  \\$a1st ed.
=260  \\$aLeipzig$bDeer$c1732
=300  \\$axii-668 pages$b20 folded sheets with music examples, engraved frontispiece
=500  \\$aDedicated to Duke Ernst August of Saxonia (1688-1748)
=561  \\$aEx libris H.V.P. Schoonderbeek, Naarden (stamp)
=590  \\$aDarinnen nicht allein Die Musici, welche so wol in alten als neuern Zeiten, ingleichen bey verschiedenen Nationen, durch Theorie und Praxin sich hervor gethan, und was von jedem bekannt worden, oder er in Schrifften hinterlassen, mit allem Fleisse und nach den vornehmsten Umständen angeführet, sondern auch die in Griechischer, Lateinischer, Italiänischer und Frantzösischer Sprache gebräuchliche musicalische Kunst- oder sonst dahin gehörige Wörter, nach alphabetischer Ordnung vorgetragen und erkläret, und zugleich die meisten vorkommende Signaturen erläutert werden
=648  \0$a18th Century (1701-1800)$1http://www.wikidata.org/entity/Q7015$920899
=650  \0$aMusic theory$1http://www.wikidata.org/entity/Q193544$92662
=650  \0$aDictionary$1http://www.wikidata.org/entity/Q23622$921580
=651  \0$aGermany$1http://www.wikidata.org/entity/Q183$9155
=653  \0$a\”strijkers\" op een orgel$3538, 639$020145545$w08D10$928342
=653  \0$a\"violone\"$378, 79, 84, 97, 106, 216, 593, 637$020145545$w08D10$928343
=653  \0$a16' op klavecimbel$3248$020145545$w08D10$928361
=653  \0$aa =$3130, 131, 163, 248, 250, 304, 511, 512$020145545$w08D10$928388
=653  \0$aa capella$34, 55, 140, 424$020145545$w08D10$928392
=653  \0$aa prima vista$311, 26, 154, 647$020145545$w08D10$928397
=653  \0$aacciaccatura$36, 7, 163, tab.viii$020145545$w08D10$928450
=653  \0$aaffekt$311$020145545$w08D10$928503
=653  \0$aalla breve$326, 27, 123$020145545$w08D10$928599
=653  \0$aaltviool$3111, 636, 637$020145545$w08D10$928631
=653  \0$aarchycembalo$3175, 473, 537, 633$020145545$w08D10$928756
=653  \0$aarpeggio$35, 80, 93, 112, 189, 647, 301$020145545$w08D10$928797
=653  \0$aarticulatie$394, 126, 204, 359, 504, 568, 574, 575$020145545$w08D10$928812
=653  \0$aBach, fam._en instrumentenbouw$363$020145545$w08D10$928910
=653  \0$abezetting (instr.)$3489$020145545$w08D10$929525
=653  \0$abezetting (voc.)$3489$020145545$w08D10$929527
=653  \0$aBlankenburg, Q. van $3146$020145545$w08D10$929619
=653  \0$ablokfluit$3202, 230, 247, 250, 338, 361, 459, 470, 475, 479, 568$020145545$w08D10$929645
=653  \0$aboekprijs$3667, 668$020145545$w08D10$929701
=653  \0$aBöhm$398, 288$020145545$w08D10$929725
=653  \0$abeiaard$3300$020145545$w08D10$929377
=653  \0$aBrossard$3vorbericht (in facs?)$020145545$w08D10$929959
=653  \0$abespeler van verschillende instrumenten$3230, 263, 284, 361, 385, 387$020145545$w08D10$929500
=653  \0$aBuns, B.$386$020145545$w08D10$930024
=653  \0$acadens$3125$020145545$w08D10$930106
=653  \0$acastraat$388, 90, 116, 130, 131, 142, 146, 147, 158, 171, 244, 275, 296, 370, 389, 419, 442, 449, 464, 489, 564$020145545$w08D10$930281
=653  \0$acello$340, 66, 78, 79, 84, 128, 188, 234, 243, 302, 342, 465, 593, 637$020145545$w08D10$930344
=653  \0$acembal d'amour$3569$020145545$w08D10$930352
=653  \0$achaconne$3164, 464$020145545$w08D10$930385
=653  \0$aconcerten$3172$020145545$w08D10$930655
=653  \0$acontinuo$329, 79, 94, 102, 172, 182, 198, 221, 238, 248, 254, 273, 306, 307, 310, 351, 352, 392, 442, 471, 537, 574, 614, 621, 633, 637, 648, 657$020145545$w08D10$930685
=653  \0$acontrabas$378, 79, 216$020145545$w08D10$930692
=653  \0$aorgel$3145, 146, 476?, 620$020145545$w08D10$935465
=653  \0$aorgelcontinuo$3184, 263, 275$020145545$w08D10$935550
=653  \0$aorgelpijpen$3145, 146$020145545$w08D10$935566
=653  \0$aorgelregistratie$3186, 327, 400$020145545$w08D10$935575
=653  \0$aouverture$3226, 456, 458$020145545$w08D10$935669
=653  \0$aPachelbel$3122, 288, 440, 457, 458, 632, 655, $020145545$w08D10$935696
=653  \0$adiminutie$3154, 155, 176, 209, 216, 220, 246, 282, 465, 593, 628, 639$020145545$w08D10$931086
=653  \0$adirigeren$3177, 201, 203, 224, 225, 263, 451$020145545$w08D10$931094
=653  \0$adoedelzak$3428, 429, 484$020145545$w08D10$931125
=653  \0$adrukfouten$3660-666$020145545$w08D10$931221
=653  \0$adulciaan$3219$020145545$w08D10$931287
=653  \0$apianoforte$3193, 377$020145545$w08D10$935944
=653  \0$adwarsfluit$387, 248, 286, 640$020145545$w08D10$931340
=653  \0$adynamiek$39, 10, 221, 222, 257, 479, 570, 639$020145545$w08D10$931346
=653  \0$aecho-effekt$3221, 479$020145545$w08D10$931374
=653  \0$aport de voix$35, 6, 163, 488, tab.i, tab.viii, tab.xviii$020145545$w08D10$936088
=653  \0$aPraetorius$33, 490-494, 620$020145545$w08D10$936127
=653  \0$afagot$379, 87, 90, 193, 202, 219, 238, 554$020145545$w08D10$931585
=653  \0$afalset$381 (?), 98, 173, 183, 184, 239, 240, 247, 634$020145545$w08D10$931595
=653  \0$apsalterium$3132, 501, 502$020145545$w08D10$936252
=653  \0$afermate$3186$020145545$w08D10$931664
=653  \0$asordine_bij viool$3573$020145545$w08D10$936371
=653  \0$afondscatalogus$3667$020145545$w08D10$931799
=653  \0$afrans - italiaans$3584, 634$020145545$w08D10$931871
=653  \0$aFranse invloed in Duitsland$3173$020145545$w08D10$931878
=653  \0$aFroberger$3217, 263, 264$020145545$w08D10$931931
=653  \0$asubsemitoetsen$3264$020145545$w08D10$936667
=653  \0$aSweelinck$3561, 588$020145545$w08D10$936690
=653  \0$agamba$378, 110, 224, 255, 268, 298, 302, 312, 319, 348, 350, 382, 392, 489, 524, 527, 550, 571, 593, 636, 637$020145545$w08D10$931995
=653  \0$atekst$346, 389, 366, 369$020145545$w08D10$936775
=653  \0$aGeigenwerck$3305$020145545$w08D10$932082
=653  \0$aTelemann$3184, 285, 596, 597$020145545$w08D10$936789
=653  \0$atemperatuur$3202, 207, 439, 543, 570, 587, 597, 598, 621, 648$020145545$w08D10$936807
=653  \0$atempo$380, 638$020145545$w08D10$936814
=653  \0$agigue$3132, 281$020145545$w08D10$932187
=653  \0$agitaar$3131, 159, 184, 203$020145545$w08D10$932207
=653  \0$aTheorben-Flügel$3248$020145545$w08D10$936896
=653  \0$atierce coulé$338, tab.i$020145545$w08D10$936925
=653  \0$atranspositieklavier$3511, 512$020145545$w08D10$937076
=653  \0$atremulant$3517, 614$020145545$w08D10$937097
=653  \0$atrillers$3125, 216, 615, tab.v$020145545$w08D10$937141
=653  \0$agroppo$3109, 292, tab.xi$020145545$w08D10$932429
=653  \0$ahakkebord$3213, 540$020145545$w08D10$932512
=653  \0$atromba marina$3385, 419, 619, 623$020145545$w08D10$937183
=653  \0$atrombone$3403, 619$020145545$w08D10$937186
=653  \0$aharp$3174, 233, 301, 316, 369, 632$020145545$w08D10$932582
=653  \0$aVenetië_ospedale$336, 37$020145545$w08D10$937379
=653  \0$aversieringen in bc$346$020145545$w08D10$937486
=653  \0$aViadana$379, 633$020145545$w08D10$937525
=653  \0$avibrato$345 (?), 426, 633$020145545$w08D10$937531
=653  \0$ahobo$379, 87, 96, 99, 110, 116, 163, 219, 231, 263, 285, 218, 304, 342, 348, 361, 372, 427, 446, 470, 489, 526, 533, 551, 556, 640$020145545$w08D10$932805
=653  \0$aviool$353, 68, 87, 204, 268, 302, 458, 508, 514, 515, 637$020145545$w08D10$937605
=653  \0$aVogelsang / Spielerei op orgel$3400, 640$020145545$w08D10$937699
=653  \0$ainégal$3193, 222, 372$020145545$w08D10$933072
=653  \0$awaterorgel$3195, 322$020145545$w08D10$937876
=653  \0$ajongenssopraan$314, 264, 449, 541, 549, 621$020145545$w08D10$933241
=653  \0$awonderkind$3369-370$020145545$w08D10$938047
=653  \0$aKircher$33$020145545$w08D10$933413
=653  \0$azangeres$336, 73, 80, 86, 97, 99, 105, 108, 128, 141, 144, 156, 180, 181, 188, 203, 204, 220$020145545$w08D10$938089
=653  \0$azangkunst$388, 220, 310, 353, 639$020145545$w08D10$938104
=653  \0$aklarinet$3153, 154, 168, 202, 218$020145545$w08D10$933442
=653  \0$aklavecimbel$374, 109, 119, 151, 153, 170, 227, 242, 248, 284, 287, 301, 305, 326, 354, 391, 405, 473, 511, 512, 540, 543, 638$020145545$w08D10$933450
=653  \0$azingen_fout bij het$3638, 639$020145545$w08D10$938154
=653  \0$azink$353, 186, 287, 475, 534, 622$020145545$w08D10$938157
=653  \0$azuiverheid$3638$020145545$w08D10$938176
=653  \0$arebec$3514, 515$020145545$w08D10$938270
=653  \0$aklavichord continuo$398$020145545$w08D10$933560
=653  \0$arecitatief$32, 48, 150, 292, 355, 434, 515, 598, Tab.i$020145545$w08D10$938285
=653  \0$aregaal$3515, 641$020145545$w08D10$938302
=653  \0$aReutter$3660$020145545$w08D10$938395
=653  \0$ariet$335, 289$020145545$w08D10$938443
=653  \0$akromhoorn$3193$020145545$w08D10$933770
=653  \0$aRosenmüller$353, 346, 532, 533$020145545$w08D10$938558
=653  \0$arubato$3598$020145545$w08D10$938615
=653  \0$aLautencembalo / Lautenklavier$3248, 284$020145545$w08D10$933937
=653  \0$aLeclair, J.M.$3172$020145545$w08D10$933972
=653  \0$aschalmei$3304, 481$020145545$w08D10$938803
=653  \0$aLoeillet$3449$020145545$w08D10$934181
=653  \0$aSchmeltzer$353, 310, 552$020145545$w08D10$938886
=653  \0$aluit$310, 36, 44, 45, 63, 64, 66, 68, 69, 70, 73, 79, 80, 81, 84, 86, 91, 94, 174, 270, 604, 605, 607$020145545$w08D10$934262
=653  \0$aluitcontinuo$345, 74, 622, 647$020145545$w08D10$934266
=653  \0$aLully$33, 37, 102, 189, 351, 352, 373-374, 427, 472$020145545$w08D10$934271
=653  \0$aSilbermann$3151$020145545$w08D10$939112
=653  \0$aSixtijnse kapel$3139, 140$020145545$w08D10$939149
=653  \0$amechanische muziekinstrumenten$360, 341, 391, 481$020145545$w08D10$934576
=653  \0$ameerkorigheid$313, 161$020145545$w08D10$934594
=653  \0$amordent$3387, 421, yab.xiii$020145545$w08D10$934868
=653  \\$aaccentus$35, 6, 152, 163, tab.i, tab.viii, tab.xviii$928448$020145545$w08D10
=653  \\$aarpa doppia$3632$928796$020145545$w08D10
=653  \\$aarticulatielettergrepen$338, 94$928815$020145545$w08D10
=653  \\$aarts en muziek$328$928828$020145545$w08D10
=653  \\$aaspiravion$354, 55$928837$020145545$w08D10
=653  \\$abekieling (kieltjes)$3227$929389$020145545$w08D10
=653  \\$abockstriller$3639$929657$020145545$w08D10
=653  \\$aC, Cdoorgestreept, Cmet punt [maatsoorten]$3123, 564$930094$020145545$w08D10
=653  \\$acaesuur$3126$930110$020145545$w08D10
=653  \\$achalumeau$3153, 154, 203, 218$930388$020145545$w08D10
=653  \\$aclavecytherium$3170$930522$020145545$w08D10
=653  \\$aClavier-Gamba$3284$930537$020145545$w08D10
=653  \\$aconcerten voor 2 orgels$337$930657$020145545$w08D10
=653  \\$adagger$3tab.i$930904$020145545$w08D10
=653  \\$ademper_bij trompet$3572, 619$931006$020145545$w08D10
=653  \\$adulce melos$3213$931286$020145545$w08D10
=653  \\$afiffaro$3244$931705$020145545$w08D10
=653  \\$aFlorilegium Portense$398$931775$020145545$w08D10
=653  \\$afurioso$3178$931951$020145545$w08D10
=653  \\$agesticuleren$3638$932158$020145545$w08D10
=653  \\$aHändel$3309, 655$932531$020145545$w08D10
=653  \\$ahoorn$3186, 348$932928$020145545$w08D10
=653  \\$aJanowka$32, 326$933188$020145545$w08D10
=653  \\$aklavecimbelspel$39, 172$933543$020145545$w08D10
=653  \\$aklavichord$374, 98, 119, 169, 170, 227, 235, 284, 287, 302, 369, 381, 398, 448$933553$020145545$w08D10
=653  \\$ales 24 violons du Roi$368, 373$934063$020145545$w08D10
=653  \\$alombardisch$3504, tab.xviii$934194$020145545$w08D10
=653  \\$aMerula$337, 400, 401$934694$020145545$w08D10
=653  \\$amuziek voor twee of meer luiten$391$935034$020145545$w08D10
=653  \\$anoot op rust bij bc$338$935269$020145545$w08D10
=653  \\$anoten onder boog met puntjes$3614$935287$020145545$w08D10
=653  \\$aPothoff, J.$3489, 490$936114$020145545$w08D10
=653  \\$aquinte (strijkinstr.)$379$936309$020145545$w08D10
=653  \\$aSanaber$3318, 540$938731$020145545$w08D10
=653  \\$aSchweizer Pfeiffe$3248$939022$020145545$w08D10
=653  \\$aspiccato$3574, 575$936409$020145545$w08D10
=653  \\$astapel$332$936513$020145545$w08D10
=653  \\$atenoriserende cadens etc. $3124, 126, 170, 171$936847$020145545$w08D10
=653  \\$atoneelspelers en communicatie$33$937017$020145545$w08D10
=653  \\$aviola da braccio$3111, 366, 636, 637$937582$020145545$w08D10
=653  \\$aviola da spala$3637$937583$020145545$w08D10
=653  \\$avioletta$3637$937593$020145545$w08D10
=653  \\$aVirdung$3374$937624$020145545$w08D10
=856  \\$uhttps://reader.digitale-sammlungen.de/de/fs2/object/display/bsb10600439_00001.html$3Bavarian State Library
=942  \\$cBOO
=952  \\$00$10$2ddc$40$6KTS_1_000000000000000_C3_23_08D10$70$8RAR$91921$aORPH$bORPH$cKTS1_C3$d2020-07-08$eKoopman$l0$oKTS1 C3.23 08D10$p20145545$r2021-01-12 00:00:00$w2021-01-12$yBOO
=999  \\$d1921

