=LDR  04486aam a2200337   4500
=001  1924
=008  210402r17531718\\\afc||\||||\00|\0ddut\d
=041  \\$adut
=100  \\$aHoubraken, Arnold$d1660-1719$4aut$1http://www.wikidata.org/entity/Q514276$96399
=245  \\$aDe groote schouburgh der Nederlantsche konstschilders en schilderessen
=250  \\$a2nd ed.
=260  \\$aThe Hague$bSwart$bBoucquet$bGaillard$c1753
=300  \\$a3 vols. ([viii]-381-[10]+361-[7]+408-[8] pages)$b21-13-14 plates (2 folded) with engraved portraits, title pages in red and black ink
=500  \\$aThe Great Theatre of Dutch Painters and Paintresses, or 'De groote schouburgh der Nederlantsche konstschilders en schilderessen' is a series of artist biographies with engraved portraits written by the 18th-century painter Arnold Houbraken. It was published in three volumes as a sequel to Karel van Mander's own list of biographies known as the Schilder-boeck. The first volume appeared in 1718, and was followed by the second volume in 1719, the year Houbraken died. The third and last volume was published posthumously by Houbraken's wife and children in 1721. This work is considered to be a very important source of information on 17th-century artists of the Netherlands. The Schouburg is listed as one of the 1000 most important works in the Canon of Dutch Literature from the Middle Ages to today.
=500  \\$aHoubraken kept to a system of importance where capitals meant very important, and lower case were honorable mentions. Though the capitalized names were meant for the index, the index of the first volume was far from complete at the time of publication. The second edition of all three books, from 1756, contains an improved index.
=500  \\$aTranslated, the title of the book is Theatre of Painters and Paintresses, indicating that Houbraken wrote about women painters, or schilderessen. However, the list of women he included in the book is really quite short. Though he included short biographies of very many painters who were closely related to women painters, the only paintresses he included by name were: Artemisia Gentileschi, Anna Francisca de Bruijns, Mayken Verhulst, Anna Maria van Schurman, Margaretha van Godewijk, Maria de Grebber (sister of Pieter de Grebber), Maria Potter, Alida Withoos, Catharina Oostfries (from a glaspainting family, married glasspainter Claes van der Meulen), Maria van Oosterwijck, Geertgen Wyntges (who he mentions as being the servant of Maria van Oosterwijck), Anna Katrina, Catharina Rozee (1632–82), Adriana Spilberg (daughter of Johannes Spilberg), Rachel Ruysch, the three sisters Anna Maria van Thielen, Françoise Katharina van Thielen, and Maria Theresa van Thielen, Marie Duchatel, Diana Glauber, Maria Sybilla Merian, Margaretha Wulfraet, and Johanna Koerten Blok. Of these, he included illustrations of only three women: Schurman, Merian, and Koerten-Blok. Houbraken also mentioned two women poets; Gesina Brit and Catharina Questiers.
=500  \\$aextended by Johan van Gool in 1750, see H2-036
=534  \\$aOriginally published in 1718
=561  \\$aEx libris Dr. A. Bechtolt, Munchen 1947 (manuscript)
=590  \\$aWaar van 'er veele met hunne Beeltenissen te Tooneel verschynen, en hun Levensgedrag en Konstwerken beschreven worden : zynde een vervolg op het Schilderboek van K. v. Mander
=648  \0$a18th Century (1701-1800)$1http://www.wikidata.org/entity/Q7015$920899
=650  \0$aFine art$1http://www.wikidata.org/entity/Q219625$921579
=650  \0$aBiography$1http://www.wikidata.org/entity/Q36279$91927
=650  \0$aHistory$1http://www.wikidata.org/entity/Q309$921403
=651  \0$aNetherlands$1http://www.wikidata.org/entity/Q55$9173
=856  \\$uhttps://www.dbnl.org/tekst/houb005groo01_01/colofon.php$3Digital Library for Dutch Literature (DBNL)
=942  \\$cBOO
=952  \\$00$10$2ddc$3het I. deel$40$6KTS_1_000000000000000_C3_23_08D13_01$70$8RAR$91924$aORPH$bORPH$cKTS1_C3$d2020-07-08$eKoopman$l0$oKTS1 C3.23 08D13_01$p20145546$r2021-01-12 00:00:00$w2021-01-12$yBOO
=952  \\$00$10$2ddc$3het II. deel$40$6KTS_1_000000000000000_C3_23_08D13_02$70$8RAR$922829$aORPH$bORPH$cKTS1_C3$d2020-07-08$eKoopman$l0$oKTS1 C3.23 08D13_02$p20145547$r2023-07-10 00:00:00$w2021-01-12$yBOO
=952  \\$00$10$2ddc$3het III. deel$40$6KTS_1_000000000000000_C3_23_08D13_03$70$8RAR$922830$aORPH$bORPH$cKTS1_C3$d2020-07-08$eKoopman$l0$oKTS1 C3.23 08D13_03$p20145548$r2023-07-10 00:00:00$w2021-01-12$yBOO
=999  \\$d1924

