=LDR  02709    a2200481   4500
=001  1925
=008  210402s1793\\\\\\\acf||\||||\00|\p\fre\d
=041  \\$afre
=100  \\$aGresset, Jean-Baptiste$d1709-1777$4aut$1http://www.wikidata.org/entity/Q942163$95926
=245  \\$aŒuvres
=250  \\$a2nd ed.
=260  \\$aParis$bVolland$c1793
=300  \\$a2 vols. (xxiv-332-[3]+355 pages)$b4+3 plates
=500  \\$aJean-Baptiste-Louis Gresset (1709-1777) was a French poet and dramatist, best known for his poem Vert-Vert. He also wrote a 'Discours sur l'harmonie'.
=561  \\$aEx libris (& supralibros) 'Institution Polytechnique de E.M.J. Lemoine (stamp)
=563  \\$aBound in brown leather
=648  \0$a18th Century (1701-1800)$1http://www.wikidata.org/entity/Q7015$920899
=650  \0$aPoetry$1http://www.wikidata.org/entity/Q482$93026
=650  \0$aPlay (theater)$1http://www.wikidata.org/entity/Q25379$921414
=651  \0$aFrance$1http://www.wikidata.org/entity/Q142$9131
=653  \0$amuziek = $335, 41, 44, 59$020145550$w08D14_02$934994
=653  \0$amuziek_algemeen$31-59$020145550$w08D14_02$935036
=653  \0$aemoties$331, 33, 35, 49, 50, 56, 58, 59$020145550$w08D14_02$931445
=653  \0$atheater$3322-333$020145549$w08D14_01$936885
=653  \0$agregoriaans$354$020145549$w08D14_01$932368
=653  \0$ajongenssopraan$341, 42, 43$020145549$w08D14_01$933241
=653  \0$aRameau, J.P.$3xxii$020145549$w08D14_01$938224
=653  \0$akoor/orkestbezetting$341, 42$020145549$w08D14_01$933678
=653  \0$aLambert$355$020145550$w08D14_02$933863
=653  \0$alamento$3193-199$020145549$w08D14_01$933868
=653  \0$ameer benutten zelfde partituur$341$020145549$w08D14_01$934589
=653  \0$aMouret$355$020145550$w08D14_02$934915
=653  \\$aAlzire$3149$928635$020145549$w08D14_01
=653  \\$aGresset$3titelprent$932385$020145549$w08D14_01
=653  \\$amuziek genoteerd op iemands billen$341, 43-46$935009$020145549$w08D14_01
=653  \\$aRousseau, J.J.$3xv, xvi, 152$938595$020145549$w08D14_01
=653  \\$aschilderkunst$3151-153$938865$020145549$w08D14_01
=653  \\$aVoltaire$3149, 152$95159$020145549$w08D14_01
=700  \\$4edt$aRousseau, Jean-Jacques$d1712-1778$1http://www.wikidata.org/entity/Q6527$95214
=942  \\$cBOO
=952  \\$00$10$2ddc$3tome premier$40$6KTS_1_000000000000000_C3_23_08D14_01$70$8RAR$91925$aORPH$bORPH$cKTS1_C3$d2020-07-08$eKoopman$l0$oKTS1 C3.23 08D14_01$p20145549$r2021-01-12 00:00:00$w2021-01-12$yBOO
=952  \\$00$10$2ddc$3tome second$40$6KTS_1_000000000000000_C3_23_08D14_02$70$8RAR$922828$aORPH$bORPH$cKTS1_C3$d2020-07-08$eKoopman$l0$oKTS1 C3.23 08D14_02$p20145550$r2023-07-10 00:00:00$w2021-01-12$yBOO
=999  \\$d1925

