=LDR  01175aam a2200253   4500
=001  1926
=008  210402s1858\\\\\\\|||||\||||\00|\0\fre\d
=041  \\$afre
=100  \\$aCastil-Blaze$d1784-1857$4aut$1http://www.wikidata.org/entity/Q294142$95547
=245  \\$aL'Art des vers lyriques
=250  \\$a1st ed.
=260  \\$aParis$bDelahays$c1858
=300  \\$a350-[1] pages
=500  \\$aFrançois-Henri-Joseph Blaze, known as Castil-Blaze (1784-1857), was a French musicologist, music critic, composer, and music editor.
=500  \\$aPosthumously published
=500  \\$aTreatise on the art of lyrical verse
=648  \0$a19th Century (1801-1900)$1http://www.wikidata.org/entity/Q6955$920935
=650  \0$aOpera$1http://www.wikidata.org/entity/Q1344$92468
=650  \0$aLiterature$1http://www.wikidata.org/entity/Q8242$94439
=651  \0$aFrance$1http://www.wikidata.org/entity/Q142$9131
=856  \\$uhttps://books.google.be/books?id=ZuJTAAAAcAAJ$3Google Books
=942  \\$cBOO
=952  \\$00$10$2ddc$40$6KTS_1_000000000000000_C3_23_08D15$70$8RAR$91926$aORPH$bORPH$cKTS1_C3$d2020-07-08$eKoopman$l0$oKTS1 C3.23 08D15$p20145551$r2021-01-12 00:00:00$w2021-01-12$yBOO
=999  \\$d1926

