=LDR  00714asm a2200181   4500
=001  1927
=008  210401b\\\\\\\\\\\|||||\||||\00|\f\dut\d
=041  \\$adut
=100  \\$aKempen, Carel Joseph van$4aut$96401
=245  \\$a[Collection of novels]
=260  \\$aKampen$c1855 [?]
=300  \\$a5 vols.
=648  \0$a19th Century (1801-1900)$1http://www.wikidata.org/entity/Q6955$920935
=650  \0$aNovel$1http://www.wikidata.org/entity/Q8261$921629
=651  \0$aNetherlands$1http://www.wikidata.org/entity/Q55$9173
=942  \\$cMS
=952  \\$00$10$2ddc$40$6KTS_1_000000000000000_C3_23_08D16$70$8RAR$91927$aORPH$bORPH$cKTS1_C3$d2020-07-08$eKoopman$l0$oKTS1 C3.23 08D16$p20136206$r2021-01-12 00:00:00$w2021-01-12$yMS
=999  \\$d1927

