=LDR  01642aam a2200289   4500
=001  1930
=008  210402r17531747\\\a||||\||||\00|\p\dut\d
=041  \\$adut
=100  \\$aVoet, Johannes Eusebius$d1706-1778$4aut$1http://www.wikidata.org/entity/Q15456063$95306
=245  \\$aUitzicht van Nebo of Verbeelding van het hemelsch Kanaan
=250  \\$a2nd ed.
=260  \\$aDordrecht$bBraam$c1753
=300  \\$a38 pages$btitle page in red and black ink
=500  \\$aJohannes Eusebius Voet (1706-1778) was a poet and doctor who acquired most fame with his 1764 translation of the Psalms, see 16C08
=501  \\$aBound in with Voet's Stichtelijke gedichten en gezangen vol. 1 & 2
=534  \\$aOriginally published in 1747
=590  \\$aDen zeer geleerden taal- en dichtkundigen heere Rutger Schutte, Godvruchtig bybeltolk in de gemeente van 's waerelds heiland binnen Amsteldam, toegezongen door Joannes Eusebius Voet, Arts.
=648  \0$a18th Century (1701-1800)$1http://www.wikidata.org/entity/Q7015$920899
=650  \0$aReligion$1http://www.wikidata.org/entity/Q9174$93062
=650  \0$aPoetry$1http://www.wikidata.org/entity/Q482$93026
=651  \0$aNetherlands$1http://www.wikidata.org/entity/Q55$9173
=653  \\$aSchutte, R.$3tp, opdracht, 37$939003$020145553c$w08D17c
=653  \\$aSchutte, Rutger$3tp, dedication, 37$94872$020145553c$w08D17c
=856  \\$uhttps://books.google.be/books?id=3w5dAAAAcAAJ$3Google Books
=942  \\$cBOO
=952  \\$00$10$2ddc$40$6KTS_1_000000000000000_C3_23_08D17C$70$8RAR$91930$aORPH$bORPH$cKTS1_C3$d2020-07-08$eKoopman$l0$oKTS1 C3.23 08D17c$p20145553c$r2021-01-12 00:00:00$w2021-01-12$yBOO
=999  \\$d1930

