=LDR  01313aam a2200289   4500
=001  1931
=008  210402s1619\\\\\\\|||||\||||\00|\p\dut\d
=041  \\$adut
=245  \\$aLijck-dichten over 't af-sterven des aardighen ende vermaarden poeets Garbrant Adriaensz Brederode
=260  \\$aAmsterdam$bBiestkens$c1619
=300  \\$a14 pages
=500  \\$aMost authors go under pseudonyms
=600  \0$aBredero, Gerbrand Adriaenszoon$d1585-1618$1http://www.wikidata.org/entity/Q560740$94858
=648  \0$a17th Century (1601-1700)$1http://www.wikidata.org/entity/Q7016$920923
=650  \0$aPoetry$1http://www.wikidata.org/entity/Q482$93026
=650  \0$aEulogy$1http://www.wikidata.org/entity/Q249697$923846
=651  \0$aNetherlands$1http://www.wikidata.org/entity/Q55$9173
=700  \\$4aut$aVisscher, I.$96415
=700  \\$4aut$aScheepmaker, I. I.$96416
=700  \\$4aut$aMildert, A. van$96417
=700  \\$4aut$aBloemendaal, I. H.$96418
=700  \\$4aut$aSalingen, A. van$96419
=700  \\$4ann$aRoghman, H. L.$96420
=856  \\$uhttps://books.google.be/books?id=6pE6JkHLIWEC$3Google Books
=942  \\$cBOO
=952  \\$00$10$2ddc$40$6KTS_1_000000000000000_C3_23_08D18A$70$8RAR$91931$aORPH$bORPH$cKTS1_C3$d2020-07-08$eKoopman$l0$oKTS1 C3.23 08D18a$p20145552a$r2021-01-12 00:00:00$w2021-01-12$yBOO
=999  \\$d1931

