=LDR  00912aam a2200205   4500
=001  1934
=008  210402r16221612\\\|||||\||||\00|\d\dut\d
=041  \\$adut
=100  \\$aBredero, Gerbrand Adriaenszoon$d1585-1618$4aut$1http://www.wikidata.org/entity/Q560740$94858
=245  \\$aKlucht van de koe
=260  \\$aAmsterdam$bvander Plasse$c1622
=300  \\$a[22] pages
=534  \\$aOriginally published in 1612
=648  \0$a17th Century (1601-1700)$1http://www.wikidata.org/entity/Q7016$920923
=650  \0$aPlay (theater)$1http://www.wikidata.org/entity/Q25379$921414
=650  \0$aComedy$1http://www.wikidata.org/entity/Q40831$921436
=651  \0$aNetherlands$1http://www.wikidata.org/entity/Q55$9173
=942  \\$cBOO
=952  \\$00$10$2ddc$40$6KTS_1_000000000000000_C3_23_08D18C$70$8RAR$91934$aORPH$bORPH$cKTS1_C3$d2020-07-08$eKoopman$l0$oKTS1 C3.23 08D18c$p20145552c$r2021-01-12 00:00:00$w2021-01-12$yBOO
=999  \\$d1934

