=LDR  01088aam a2200229   4500
=001  1936
=008  210402r16201617\\\|||||\||||\00|\0\dut\d
=041  \\$adut$hlat
=100  \\$aTerentius$d185-159 BC$4aut$1http://www.wikidata.org/entity/Q172048$95691
=245  \\$aMoortje
=260  \\$aAmsterdam$bvander Plasse$c1620
=300  \\$a[76] pages
=534  \\$aOriginally published in 1617; 'Eunuchus' was performed in 161 BC
=590  \\$aWaarin hij Terentii Eunuchum heeft naghevolght op 't woord: Ongezien / kan geschien
=648  \0$a17th Century (1601-1700)$1http://www.wikidata.org/entity/Q7016$920923
=650  \0$aPlay (theater)$1http://www.wikidata.org/entity/Q25379$921414
=651  \0$aNetherlands$1http://www.wikidata.org/entity/Q55$9173
=700  \\$4trl$aBredero, Gerbrand Adriaenszoon$d1585-1618$1http://www.wikidata.org/entity/Q560740$94858
=765  \\$aEunuchus
=942  \\$cBOO
=952  \\$00$10$2ddc$40$6KTS_1_000000000000000_C3_23_08D18G$70$8RAR$91936$aORPH$bORPH$cKTS1_C3$d2020-07-08$eKoopman$l0$oKTS1 C3.23 08D18g$p20145552g$r2021-01-12 00:00:00$w2021-01-12$yBOO
=999  \\$d1936

