=LDR  01772aam a2200277   4500
=001  1937
=008  210402s1621\\\\\\\|||||\||||\00|\d\dut\d
=041  \\$adut
=100  \\$aBredero, Gerbrand Adriaenszoon$d1585-1618$4aut$1http://www.wikidata.org/entity/Q560740$94858
=245  \\$aSpaanschen Brabander Ierolimo$bGespeelt op de eerste Duytsche Academie
=260  \\$aAmsterdam$bvander Plasse$c1621
=300  \\$a[72] pages
=500  \\$aidentical to 15C22d
=501  \\$a15C22c: Bound in with Bredero's 'Treurspel van Roddrick ende Alphonsus', 'Moortje', 'Griane', 'Overghesette Lucelle', 'Stommen ridder' & 'Epitaphium, ofte graf-dicht op 't overlyden vanden sinrijcken Poeets G. A. Brederode'
=534  \\$aOriginally published in 1617
=590  \\$aOp het Woort Al sietmen de luy men kensse niet
=648  \0$a17th Century (1601-1700)$1http://www.wikidata.org/entity/Q7016$920923
=650  \0$aPlay (theater)$1http://www.wikidata.org/entity/Q25379$921414
=651  \0$aNetherlands$1http://www.wikidata.org/entity/Q55$9173
=773  \\$03506$tDe spelen van Gerbrand Adriaensz Bredero$w3506
=856  \\$uhttps://www.let.leidenuniv.nl/Dutch/Ceneton/BrederoBrabander1618.html$3University of Leiden
=942  \\$cBOO
=952  \\$00$10$2ddc$40$6KTS_1_000000000000000_C3_23_08D18H$70$8RAR$91937$aORPH$bORPH$cKTS1_C3$d2020-07-08$eKoopman$l0$oKTS1 C3.23 08D18h$p20145552h$r2021-01-12 00:00:00$w2021-01-12$yBOO
=952  \\$00$10$2ddc$40$6KTS_1_000000000000000_C1_23_15C22C$70$8RAR$93504$aORPH$bORPH$cKTS1_C1$d2020-07-08$eKoopman$oKTS1 C1.23 15C22c$r2021-01-12 00:00:00$w2021-01-12$yBOO
=952  \\$00$10$2ddc$40$6KTS_1_000000000000000_C1_23_15C22C$70$8RAR$923872$aORPH$bORPH$cKTS1_C1$d2020-07-08$eKoopman$l0$oKTS1 C1.23 15C22c$r2021-01-12 00:00:00$w2021-01-12$yBOO
=999  \\$d1937

