=LDR  00870aam a2200193   4500
=001  1941
=008  210402s1624\\\\\\\|||||\||||\00|\d\dut\d
=041  \\$adut
=100  \\$aBredero, Gerbrand Adriaenszoon$d1585-1618$4aut$1http://www.wikidata.org/entity/Q560740$94858
=245  \\$aSchyn-heyligh
=260  \\$aAmsterdam$bvander Plasse$c1624
=300  \\$a[68] pages
=648  \0$a17th Century (1601-1700)$1http://www.wikidata.org/entity/Q7016$920923
=650  \0$aPlay (theater)$1http://www.wikidata.org/entity/Q25379$921414
=651  \0$aNetherlands$1http://www.wikidata.org/entity/Q55$9173
=856  \\$uhttps://books.google.be/books?id=pqCITKhnG3EC$3Google Books
=942  \\$cBOO
=952  \\$00$10$2ddc$40$6KTS_1_000000000000000_C3_23_08D18J$70$8RAR$91941$aORPH$bORPH$cKTS1_C3$d2020-07-08$eKoopman$l0$oKTS1 C3.23 08D18j$p20145552j$r2021-01-12 00:00:00$w2021-01-12$yBOO
=999  \\$d1941

