=LDR  06344    a2201033   4500
=001  1942
=008  230711s1892\\\\|||g||||\||||\00|\0\dan\d
=041  \\$anor
=100  \\$aHammerich, Angul$d1848-1931$4aut$1http://www.wikidata.org/entity/Q4495309$96422
=245  \\$aMusiken ved Christian den Fjerdes Hof: et Bidrag til Dansk Musikhistorie
=260  \\$aCopenhagen$bHansen$c1892
=300  \\$a[vi]-259 pages$bmusic examples, marbled cover, gold embossed leather spine and corners, marbled endpapers
=500  \\$aautograph dedication by the author
=561  \\$aEx libris C.L.v Lövenskjold (manuscript)
=600  \0$1http://www.wikidata.org/entity/Q153586$aChristian IV$cKing of Denmark and Norway$d1577-1648$914791
=648  \0$1http://www.wikidata.org/entity/Q6955$a19th Century (1801-1900)$920935
=650  \0$aMusic history$1http://www.wikidata.org/entity/Q846047$921373
=651  \0$1http://www.wikidata.org/entity/Q35$aDenmark$921295
=653  \0$aad lib. bezetting$347, 173, 184$020145557$w08D19$928471
=653  \0$ablokfluit$3103, 104, 215$020145557$w08D19$929645
=653  \0$aboekprijs$367?$020145557$w08D19$929701
=653  \0$abeiaard$377, 78$020145557$w08D19$929377
=653  \0$abespeler van meer instrumenten$331, 125, 174, 181$020145557$w08D19$929498
=653  \0$acastraten$3102, 114, 128, 135, 136$020145557$w08D19$930282
=653  \0$aCavaillé-Coll$376$020145557$w08D19$930324
=653  \0$aCompenius$374, 75, 76$020145557$w08D19$930616
=653  \0$acompositieloon$323, 69?, 169$020145557$w08D19$930641
=653  \0$adoedelzak$3111$020145557$w08D19$931125
=653  \0$aDowland, J.$317, 21-24, 47, 188, 211$020145557$w08D19$931188
=653  \0$aPraetorius, M.$3173$020145557$w08D19$936131
=653  \0$aprijs van altviool$3156$020145557$w08D19$936158
=653  \0$aprijs van cello$3156$020145557$w08D19$936160
=653  \0$aprijs van dwarsfluit$3156$020145557$w08D19$936165
=653  \0$aprijs van gamba$3156$020145557$w08D19$936169
=653  \0$aprijs van harp$3156$020145557$w08D19$936174
=653  \0$aprijs van klavichord$3156$020145557$w08D19$936178
=653  \0$aprijs van luit$3156$020145557$w08D19$936179
=653  \0$aprijs van trombone$312, 156$020145557$w08D19$936196
=653  \0$aprijs van trompet$318, 156$020145557$w08D19$936197
=653  \0$aprijs van viool$3156$020145557$w08D19$936199
=653  \0$aprijs van zink$3156$020145557$w08D19$936201
=653  \0$afalset$326, 85, 114$020145557$w08D19$931595
=653  \0$aFörster, C.$3136$020145557$w08D19$931830
=653  \0$agamba$343, 111, 125, 135, 138, 156, 157, 174, 215, 216$020145557$w08D19$931995
=653  \0$agitaar$3174, 175$020145557$w08D19$932207
=653  \0$atrompet$32, 3, 6, 7, 11, 12, 13, 14, 15, 18, 24, 201-208$020145557$w08D19$937194
=653  \0$aharp$384, 128, 211, 214, 215, 216$020145557$w08D19$932582
=653  \0$aVecchi, O.$3170, 171-173$020145557$w08D19$937362
=653  \0$aviool$343, 111, 131$020145557$w08D19$937605
=653  \0$aVoigtländer, G.$3183, 184, 185, 247, 248$020145557$w08D19$937707
=653  \0$aitaliaanse invloed in Denemarken$334, 35, 36, 42, 45, 92, 95, 115, 126, 127, 188$020145557$w08D19$933139
=653  \0$ajongenssopraan$32, 3, 43, 48, 53, 54, 88, 93, 95, 128, 134, 189, 218$020145557$w08D19$933241
=653  \0$aklavichord_Denemarken 16e eeuw$3157, 158$020145557$w08D19$933570
=653  \0$aklavichord_Denemarken 17e eeuw$3156, 157, 158, 174$020145557$w08D19$933571
=653  \0$akoor/orkestbezetting$32, 6, 11, 14, 16, 30, 39, 48, 53, 54, 55, 56, 70, 71, 81, 84, 85, 94, 102, 103, 128, 134, 179-181, 193, 209-224$020145557$w08D19$933678
=653  \0$akoor/orkestopstelling$343$020145557$w08D19$933679
=653  \0$asalaris$33, 4, 6, 9, 10, 11, 12, 16, 17, 18, 20, 22, 23, 24, 25, 26, 28, 29, 30, 31, 33, 35, 39, 40, 41, 49, 53, 54, 56, 67, 69, 70, 71, 81, 85, 88, 90, 91, 93, 95, 108, 114, 123, 125, 126, 127, 128, 135, 136, 138, 140, 141, 142, 153, 167, 177, 179, 180, 192, 193, 198, 201-224$020145557$w08D19$938697
=653  \0$alesgeld$334, 36, 38, 140, 161, 163?$020145557$w08D19$934067
=653  \0$aschalmei$3111$020145557$w08D19$938803
=653  \0$aluit$343, 111, 191, 212, 213, 214, 215, 216$020145557$w08D19$934262
=653  \0$aSchütz, H.$3102, 103-108, 109, 116, 123-125, 128, 129-131, 194-197, 223$020145557$w08D19$939007
=653  \0$aslagwerk$312, 13, 16, 30, 31, 32, 38, 202-208$020145557$w08D19$939152
=653  \0$amise-en-scène$3111$020145557$w08D19$939272
=653  \0$aMeursius, J.$3148$020145557$w08D19$934729
=653  \\$aBorchgrevinck, M.$317, 33, 35, 36, 41-47, 53, 85, 93, 94, 95-101, 172, 190, 209, 212, 221, 228-234$929777$020145557$w08D19
=653  \\$aBrade, L. & W. $347, 68, 69, 210$929871$020145557$w08D19
=653  \\$aBrebos, H.$373$929893$020145557$w08D19
=653  \\$aChristian IV$3wb$914791$020145557$w08D19
=653  \\$aConinus, J.M.$3144-146$930668$020145557$w08D19
=653  \\$aGreefe, B.$358, 210$932362$020145557$w08D19
=653  \\$aLorentz, J.$357, 77, 78, 102, 120, 158, 179$934213$020145557$w08D19
=653  \\$aMaas, N.$373-75, 77$934318$020145557$w08D19
=653  \\$aMander, C. van $3108$934416$020145557$w08D19
=653  \\$aMarenzio, L.$356$934462$020145557$w08D19
=653  \\$aMors, A.$3173$934896$020145557$w08D19
=653  \\$aPekelharing$387$935837$020145557$w08D19
=653  \\$aPeterson, M. $354, 59, 60-64, 71, 86, 89, 95, 137, 175, 188, 189, 200, 211, 236-245$935884$020145557$w08D19
=653  \\$aPraetorius, J.$3168, 181$936130$020145557$w08D19
=653  \\$aRowe, W.$3125$938605$020145557$w08D19
=653  \\$aSchildt, M.$381, 82, 83, 94, 177, 191, 192, 215$913870$020145557$w08D19
=653  \\$aSchop, J.$353, 168$938947$020145557$w08D19
=653  \\$aSidor, G.$3128$939103$020145557$w08D19
=653  \\$aSimpson, T.$369, 70, 138, 214$939134$020145557$w08D19
=653  \\$aTollius, J.$326, 220$937001$020145557$w08D19
=653  \\$aWeckmann, M.$3180, 181, 185$937888$020145557$w08D19
=856  \\$uhttps://archive.org/details/musikenvedchris00hammgoog/page/n6/mode/2up$3Internet Archive
=942  \\$cBOO
=952  \\$00$10$2ddc$40$6KTS_1_000000000000000_C3_23_08D19$70$8RAR$91942$aORPH$bORPH$cKTS1_C3$d2020-07-08$eKoopman$l0$oKTS1 C3.23 08D19$p20145557$r2021-01-12 00:00:00$w2021-01-12$yBOO
=999  \\$d1942

