=LDR  00906aam a2200193   4500
=001  1944
=008  230711s1882\\\\|||g||||\d|||\00|\0\ger\d
=041  \\$ager
=100  \\$aReißmann, August$d1825-1903$4edt$96425
=245  \\$aHandlexikon der Tonkunst
=260  \\$aBerlin$bOppenheim$c1882
=300  \\$aiv-632 pages$bred linen binding, embossed in gold and black decorative motifs, figurative endpapers
=650  \0$aMusic theory$1http://www.wikidata.org/entity/Q193544$92662
=650  \0$aMusic history$1http://www.wikidata.org/entity/Q846047$921373
=650  \0$aDictionary$1http://www.wikidata.org/entity/Q23622$921580
=856  \\$uhttps://archive.org/details/bub_gb_XzQDAAAAQAAJ$3Internet Archive
=942  \\$cBOO
=952  \\$00$10$2ddc$40$6KTS_1_000000000000000_C3_23_08D21$70$8RAR$91944$aORPH$bORPH$cKTS1_C3$d2020-07-08$eKoopman$l0$oKTS1 C3.23 08D21$p20145555$r2021-01-12 00:00:00$w2021-01-12$yBOO
=999  \\$d1944

