=LDR  01243aam a2200265   4500
=001  1945
=008  230711s1804\\\\|||g||||\||||\00|\0\dut\d
=041  \\$adut
=059  \\$avv pf
=100  \\$aBerg, Ahasverus van den$d1733-1807$4edt$1http://www.wikidata.org/entity/Q400114$96426
=245  \\$aProeven van geestelijke oden en liederen
=250  \\$a2nd ed.
=260  \\$aUtrecht$bSchoonhoven, van$c1804
=300  \\$axxxii-132-[10]-39 pages$bleather bound, engraved title page, music examples
=500  \\$aOriginally published in 1777
=500  \\$aillustrated title-page and music towards the back
=648  \0$1http://www.wikidata.org/entity/Q7015$a18th Century (1701-1800)$920899
=648  \0$1http://www.wikidata.org/entity/Q6955$a19th Century (1801-1900)$920935
=650  \0$aPoetry$1http://www.wikidata.org/entity/Q482$93026
=650  \0$aReligion$1http://www.wikidata.org/entity/Q9174$93062
=650  \0$aSong$1http://www.wikidata.org/entity/Q7366$94164
=651  \0$1http://www.wikidata.org/entity/Q55$aNetherlands$9173
=942  \\$cBOO
=952  \\$00$10$2ddc$40$6KTS_1_000000000000000_C3_22_08D22$70$8RAR$91945$aORPH$bORPH$cKTS1_C3$d2020-07-08$eKoopman$l0$oKTS1 C3.22 08D22$p20145554$r2021-01-12 00:00:00$w2021-01-12$yBOO
=999  \\$d1945

