=LDR  01914aam a2200253   4500
=001  1947
=008  230711m17981813||||||||\||||\00|\p\eng\d
=041  \\$aeng
=100  \\$aFryer, George$4edt$96434
=245  \\$aThe Poetry of Various Glees, Songs &c. as Performed at the Harmonists
=260  \\$aLondon$bPhilantropic Reform$c1798$c1813
=300  \\$a2 vols. in 1 (viii-115-64 pages)
=500  \\$aThe Harmonists Society was London's first formally organized glee club. “By the end of the eighteenth century, the fashionable nature of the glee ‘created a desire among amateurs to emulate more professionally constituted clubs. In London this led to the formation of the Harmonists Society. According to his own account, the principal mover behind the new club was R. J. S. Stevens [composer, and later Gresham Professor of Music], who at the start of 1794 was approached by “a few Musical Amateurs” who expressed to him a desire to have an occasional meeting at which they would “dine together and have vocal music afterwards..." (Robins, Catch and Glee Culture, p. 83, as quoted by Simon Beattie).
=561  \\$aEx libris Frederick J. Edtmann (plate)
=563  \\$aBound in brown leather, embossed in gauffered pattern and golden frames on front and back cover
=648  \0$1http://www.wikidata.org/entity/Q7015$a18th Century (1701-1800)$920899
=650  \0$aPoetry$1http://www.wikidata.org/entity/Q482$93026
=650  \0$aSong$1http://www.wikidata.org/entity/Q7366$94164
=650  \0$aGlee$1http://www.wikidata.org/entity/Q663979$924571
=651  \0$1http://www.wikidata.org/entity/Q84$aLondon (United Kingdom)$9123
=856  \\$uhttps://books.google.be/books?id=ELlXAAAAYAAJ$3Google Books
=942  \\$cBOO
=952  \\$00$10$2ddc$40$6KTS_1_000000000000000_C3_23_08D24$70$8RAR$91947$aORPH$bORPH$cKTS1_C3$d2020-07-08$eKoopman$l0$oKTS1 C3.23 08D24$p20145559$r2021-01-12 00:00:00$w2021-01-12$yBOO
=999  \\$d1947

