=LDR  01207    a2200253   4500
=001  1948
=005  20250925143255.0
=008  230711s1926\\\\||||||||\||||\00|\j\dut\d
=041  \\$adut
=100  \\$aDeyssel, Lodewijk van$d1864-1952$4aut$95429
=245  \\$aKleinigheden
=260  \\$aMaastricht$bStols$c1926
=300  \\$a46-[2] pages
=500  \\$aLodewijk van Deyssel was the pseudonym of Karel Joan Lodewijk Alberdingk Thijm (1864-1952), a Dutch novelist, prose-poet and literary critic and a leading member of the Tachtigers. He was a son of Joseph Alberdingk Thijm. 
=500  \\$aContains a signature of the author
=648  \0$1http://www.wikidata.org/entity/Q6927$a20th Century (1901-2000)$920936
=650  \0$1http://www.wikidata.org/entity/Q8242$aLiterature$94439
=651  \0$1http://www.wikidata.org/entity/Q55$aNetherlands$9173
=653  \0$aboekoplage$349$020145560$w08D25$929699
=653  \\$aWink, T.$349$937998$020145560$w08D25
=942  \\$cBOO
=952  \\$00$10$2ddc$40$6KTS_1_000000000000000_C3_23_08D25$70$8RAR$91948$aORPH$bORPH$cKTS1_C3$d2020-07-08$eKoopman$l0$oKTS1 C3.23 08D25$p20145560$r2021-01-12 00:00:00$w2021-01-12$yBOO
=999  \\$d1948
=533  \\$aDigitized by iGuana, Spring 2025.

