=LDR  00996aam a2200229   4500
=001  1949
=005  20251003085455.0
=008  230711s1911\\\\|||a||||\||||\00|\0\fre\d
=041  \\$afre
=245  \\$aToleries et ferblanteries gantoises
=260  \\$aGhent$bs.n.$c1911
=300  \\$a[48] pages
=500  \\$aCatalog of metal and wooden utilities made in Ghent, Belgium
=561  \\$aEx libris Nuyttens fils (stamp)
=648  \0$1http://www.wikidata.org/entity/Q6927$a20th Century (1901-2000)$920936
=650  \0$aCatalogue$1http://www.wikidata.org/entity/Q2352616$921484
=650  \0$aTrade$1http://www.wikidata.org/entity/Q601401$923616
=650  \0$aApplied arts$1http://www.wikidata.org/entity/Q2865882$921627
=651  \0$1http://www.wikidata.org/entity/Q1296$aGhent (Belgium)$920924
=942  \\$cBOO
=952  \\$00$10$2ddc$40$6KTS_1_000000000000000_C3_23_08D26$70$8RAR$91949$aORPH$bORPH$cKTS1_C3$d2020-07-08$eKoopman$l0$oKTS1 C3.23 08D26$p20145563$r2021-01-12 00:00:00$w2021-01-12$yBOO
=999  \\$d1949

