=LDR  01426aam a2200241   4500
=001  1950
=005  20251001162233.0
=008  210705s1791\\\\\\\|||||\||||\00|\0\dut\d
=041  \\$adut
=100  \\$aNomsz, Johannes$d1738-1803$4aut$1http://www.wikidata.org/entity/Q56199292$912655
=245  \\$aDe tooneelspeler en zijn aanschouwer kunstmaatig beschouwd, of Grondregelen voor beiden
=260  \\$aAmsterdam$bHoltrop$c1791
=300  \\$a171 pages
=500  \\$aManual in the form of a letter entitled "De noodzaaklijkheid van zich in de tooneelspeelkunde door eene goede meester te doen onderrechten, briefsgewijze voorgesteld en: Brief over de tooneelspeelkunde."
=648  \0$a18th Century (1701-1800)$1http://www.wikidata.org/entity/Q7015$920899
=650  \0$aTheater history$1http://www.wikidata.org/entity/Q1061140$94607
=650  \0$aActing$1http://www.wikidata.org/entity/Q222749$92807
=650  \0$aAesthetics$1http://www.wikidata.org/entity/Q35986$921494
=651  \0$1http://www.wikidata.org/entity/Q727$aAmsterdam (Netherlands)$9135
=856  \\$uhttp://objects.library.uu.nl/reader/index.php?obj=1874-44793&lan=nl#page//65/61/04/65610442471527286097823168605888980069.jpg/mode/1up$3University of Utrecht
=942  \\$cBOO
=952  \\$00$10$2ddc$40$6KTS_1_000000000000000_C3_23_08D27$70$8RAR$91950$aORPH$bORPH$cKTS1_C3$d2020-07-08$eKoopman$l0$oKTS1 C3.23 08D27$p20145558$r2021-01-12 00:00:00$w2021-01-12$yBOO
=999  \\$d1950

