=LDR  03172aam a2200469   4500
=001  1951
=005  20251008131835.0
=008  211208s1924\\\\\\\|||||\||||\00|\0\dut\d
=041  \\$adut
=245  \\$aHet Geuzenliedboek
=260  \\$aZutphen$bThieme$c1924
=300  \\$a2 volumes (xxxv-[i]-327-[1]+409-[1] pages)
=500  \\$aIn the 16th century, the Calvinist north fought the Eighty Years' War against Catholic Spain. The rebellious nobles in the Netherlands and their allies called themselves Beggars. In popular culture, songs arose that outlined historical developments. They also had a comforting or plaintive content, glorified the heroic deeds of the Beggars, sometimes had a more spiritual inspiration, or served to taunt or mock the opponent. An example of the latter is De Clage vanden inquisitor, meester Pieter Titelmanus.
=500  \\$aSome poets of geuzen songs are known: Arent Dircksz. Vos, parish priest in De Lier; Joris Sylvanis, pastor in Antwerp; Jan Cooman of Delft; Pieter Sterlinckx of Heenvliet; Willem van Haecht; Laurens Jacobsz and Adriaen Valerius.
=500  \\$aThe best-known geuzen song today is the Wilhelmus.
=648  \0$1http://www.wikidata.org/entity/Q6927$a20th Century (1901-2000)$920936
=650  \0$aSong$1http://www.wikidata.org/entity/Q7366$94164
=650  \0$aEighty Years' War (1568-1648)$1http://www.wikidata.org/entity/Q164432$923273
=650  \0$aContrafactum$1http://www.wikidata.org/entity/Q1783270$922210
=651  \0$1http://www.wikidata.org/entity/Q55$aNetherlands$9173
=653  \0$aboekoplage$31x$020145561$w08D28_01$929699
=653  \0$aop de wijze van $36$020145561$w08D28_01$935398
=653  \0$aop de wijze van $3wb$020145562$w08D28_02$935398
=653  \0$aVondel$3310$020145562$w08D28_02$937732
=653  \0$arederijkers$311, 12$020145561$w08D28_01$938298
=653  \\$abruinsmadelijn$318$929980$020145562$w08D28_02
=653  \\$aden lustelicken mey$335$931008$020145562$w08D28_02
=653  \\$ageuzenliederen$3wb$932167$020145561$w08D28_01
=653  \\$ageuzenliederen$3wb$932167$020145562$w08D28_02
=653  \\$apassamezzo$315?$935787$020145561$w08D28_01
=653  \\$aretrograde$310$938390$020145561$w08D28_01
=653  \\$aSuzanne un jour$3265?$936681$020145561$w08D28_01
=653  \\$aVon der Fortuna$3307$937730$020145561$w08D28_01
=653  \\$aWilhelmus$3x, xi, 97, 121, 205, 207, 225, 229, 241, 249, 259, 273, 292, 297$924746$020145561$w08D28_01
=653  \\$aWilhelmus$343, 100, 152, 159, 268, 290$924746$020145562$w08D28_02
=700  \\$4edt$aKuiper, E. T.$96437
=700  \\$4edt$aLeendertz, P.$912328
=856  \\$uhttps://www.dbnl.org/tekst/_geu001etku01_01/_geu001etku01_01.pdf$3Digital Library for Dutch Literature (DBNL)
=942  \\$cBOO
=952  \\$00$10$2ddc$3Eerste deel$40$6KTS_1_000000000000000_C3_22_08D28_01$70$8RAR$91951$aORPH$bORPH$cKTS1_C3$d2020-07-08$eKoopman$oKTS1 C3.22 08D28_01$p20145561$r2021-01-12 00:00:00$w2021-01-12$yBOO
=952  \\$00$10$2ddc$3Tweede deel$40$6KTS_1_000000000000000_C3_22_08D28_02$70$8RAR$922847$aORPH$bORPH$cKTS1_C3$d2020-07-08$eKoopman$l0$oKTS1 C3.22 08D28_02$p20145562$r2023-07-11 00:00:00$w2021-01-12$yBOO
=999  \\$d1951

