=LDR  01720aam a2200265   4500
=001  1952
=008  230712m18181819||||||||\||||\00|\p\dut\d
=041  \\$adut
=100  \\$aTollens, Hendrik$d1780-1856$4aut$4edt$4trl$94803
=245  \\$aRomancen, balladen en legenden 
=260  \\$aRotterdam$bImmerzeel$c1818-19
=300  \\$a2 volumes in 1 (vi-100-iv-100 pages)$bengraved title page, marbled cardboard cover, leather spine and corners
=500  \\$aPoetry by Burger, Elton, Moncrif, Körner, Schiller, A. F. Langbein, Tiedge, Campbell, Goethe, Claudius, Cowper, Uhland, Kuhn, Southey, Schubart, Haug, Kind, Lewis, Gottwalt, Stolberg, Raszmann and Seidel, edited and translated into Dutch by Hendrik Tollens
=648  \0$1http://www.wikidata.org/entity/Q6955$a19th Century (1801-1900)$920935
=650  \0$aPoetry$1http://www.wikidata.org/entity/Q482$93026
=651  \0$1http://www.wikidata.org/entity/Q55$aNetherlands$9173
=700  1\$aMoncrif, François Augustin Paradis de$d1687-1770$1http://www.wikidata.org/entity/Q375270$4aut$97389
=700  \\$aKörner, Gotthilf Wilhelm$d1809-1865$1http://www.wikidata.org/entity/Q47493607$4aut$96538
=700  \\$aSchiller, Friedrich$d1759-1805$1http://www.wikidata.org/entity/Q22670$4aut$96525
=700  \\$aGoethe, Johann Wolfgang von$d1749-1832$1http://www.wikidata.org/entity/Q5879$4aut$911175
=856  \\$uhttps://books.google.to/books?id=6OldAAAAcAAJ$3Google Books, vol. 1
=856  \\$u https://books.google.to/books?id=BepdAAAAcAAJ$3Google Books, vol. 2
=942  \\$cBOO
=952  \\$00$10$2ddc$40$6KTS_1_000000000000000_C3_23_08D29$70$8RAR$91952$aORPH$bORPH$cKTS1_C3$d2020-07-08$eKoopman$l0$oKTS1 C3.23 08D29$p20145564$r2021-01-12 00:00:00$w2021-01-12$yBOO
=999  \\$d1952

