=LDR  08609aam a2201381   4500
=001  1954
=008  230711s1741\\\\||||||||\||||\00|\0cdut\d
=041  \\$adut
=100  \\$aDe la Ruë, Pieter$d1695-1770$926402
=245  \\$aGeletterd Zeeland
=250  \\$a2nd ed.
=260  \\$aMiddelburg$bCallenfels$c1741
=300  \\$a576-[8]-x-[4] pages$btitle page in red and black ink, title page engraving, red edges, manuscript notes both in black ink and in red pensil
=520  \\$aThe Middelburg dignitary and poet Pieter de la Rue made his name mainly as a writer of local history. In Geletterd Zeeland he recorded the biographies of Zeeland's writers, scholars and artists. Two years later, this work was followed up with Geletterd en Staatkundig and Heldhaftig Zeeland, in which not only the artistic and intellectual leaders of the region are honoured with a life sketch, but also its military heroes. De la Rue was a frequent presence in the Zeeland literary milieu of his time.
=534  \\$aOriginally published in 1734
=563  \\$aBound in white vellum
=590  \\$averdeeld in drie afdeelingen, bevattende in zig de schryvers, geleerden en kunstenaars, uit dien staat geboortig, met bygevoegd levensverhaal der voornaamsten onder dezelve. Tweede druk, met eenige noodige veranderingen en ettelyke vermeerderingen zynde hieragter ook geplaatst de byschriften op de groote en smalle steden van Zeeland
=648  \0$1http://www.wikidata.org/entity/Q7015$a18th Century (1701-1800)$920899
=650  \0$aBiography$1http://www.wikidata.org/entity/Q36279$91927
=650  \0$aPoetry$1http://www.wikidata.org/entity/Q482$93026
=650  \0$aLiterature$1http://www.wikidata.org/entity/Q8242$94439
=651  \0$1http://www.wikidata.org/entity/Q705$aZeeland (Netherlands)$922789
=653  \0$abibliotheek$3titelvignet, 34, 273, 504-506$020145565$w08D31$929548
=653  \0$aBarlaeus, C.$3286, 288, 289, 290, 518$020145565$w08D31$929087
=653  \0$aboekoplage$3364, 404$020145565$w08D31$929699
=653  \0$abeiaard$3288$020145565$w08D31$929377
=653  \0$aBoxhorn$3299, 300, 301, 302, 303, 304, 310, 318, 342, 409, 416, 449, 468, 470, 520$020145565$w08D31$929861
=653  \0$aBurman, P. $3202, 358, 539$020145565$w08D31$930048
=653  \0$aCats, J.$3xxx, xxxxx, 51, 52, 168, 286, 288, 299, 346-368, 369, 370, 379, 406, 410, 574$020145565$w08D31$930312
=653  \0$amuziek (algemeen)$3417, 431$020145565$w08D31$934992
=653  \0$acompositieloon$343, 96, 167, 236, 401$020145565$w08D31$930641
=653  \0$aop de wijze van $3304, 330, 503$020145565$w08D31$935398
=653  \0$adansen$3431?$020145565$w08D31$930928
=653  \0$aorgels in Nederland$3240$020145565$w08D31$935589
=653  \0$aDescartes$38, 9, 19, 479$020145565$w08D31$931024
=653  \0$adichteres$336, 51, 52, 53, 54, 98, 121, 140, 141, 232, 273, 309, 326, 330, 370, 390, 406, 427, 428$020145565$w08D31$931056
=653  \0$aPels, A.$3191$020145565$w08D31$935841
=653  \0$aplagiaat$39, 485$020145565$w08D31$936010
=653  \0$aErasmus$33, 245, 275, 286, 323, 442, 443, 509, 510, 511, 536, 537$020145565$w08D31$931501
=653  \0$atabak$3540$020145565$w08D31$936718
=653  \0$athee$3151$020145565$w08D31$936889
=653  \0$atoneel$341, 190, 191, 225, 390$020145565$w08D31$937011
=653  \0$aGroot, H. de$335, 156, 253, 513, 514-517, 518$020145565$w08D31$932424
=653  \0$aValerius, A/$33x, 4x, 5x, 174, 241, 346, 413, 542, 550$020145565$w08D31$937323
=653  \0$aVerkolje, N.$3408$020145565$w08D31$937417
=653  \0$aHeinsius, D.$313, 55, 156, 211, 216, 286, 299, 300, 302, 539$020145565$w08D31$932679
=653  \0$aHeinsius, N. $313, 55, 156, 211, 216, 286, 299, 300, 302, 539$020145565$w08D31$932683
=653  \0$aHooft, P.C.$3157, 306, 363, 388, 518$020145565$w08D31$932893
=653  \0$aHoubraken, J. $3399, 499, 507, 508, 516, 525$020145565$w08D31$932955
=653  \0$aHuygens, C.$3157, 286, 287, 358, 360$020145565$w08D31$933032
=653  \0$aVondel, J. van den $345, 172, 190, 306, 308, 363, 388, 389, 390, 415, 448$020145565$w08D31$937735
=653  \0$aVossius, G.J.$312, 13, 45, 203, 309, 535, 539$020145565$w08D31$937784
=653  \0$aVossius, I. $312, 13, 45, 203, 309, 535, 539$020145565$w08D31$937786
=653  \0$aJordaens, J. $3508$020145565$w08D31$933248
=653  \0$aWillem III$398, 108, 120, 150$020145565$w08D31$937975
=653  \0$awonderkind$3134, 229, 230, 513$020145565$w08D31$938047
=653  \0$arederijkers$3225, 390, 508$020145565$w08D31$938298
=653  \0$akoffie$3151, 504$020145565$w08D31$933661
=653  \0$aRevius, J.$351$020145565$w08D31$938397
=653  \0$aRoemer Visscher, Anna$351$020145565$w08D31$938499
=653  \0$aRue, P. de la $3wb, iv$020145565$w08D31$938627
=653  \0$asalaris$313, 182, 282, 410$020145565$w08D31$938697
=653  \0$aScaliger, J.$332, 117, 199, 211, 472$020145565$w08D31$938783
=653  \0$aSecundus, J. $3416, 417, 551$020145565$w08D31$939037
=653  \0$amecenas$3417$020145565$w08D31$934574
=653  \0$aMeursius, J.$315$020145565$w08D31$934729
=653  \0$amotet$3417$020145565$w08D31$934907
=653  \\$aanonymus$3533-535$928709$020145565$w08D31
=653  \\$aBaudartius, G.$3387$929226$020145565$w08D31
=653  \\$aBeccius, J.$34, 5-8, 76$929310$020145565$w08D31
=653  \\$aBeeckman, I. $38, 9, 10$929347$020145565$w08D31
=653  \\$aBrandt, G.$3479, 480, 517$929884$020145565$w08D31
=653  \\$aBrune, J. de$341-46, 250, 287, 448$929989$020145565$w08D31
=653  \\$aBustijn, P.$3185$020145565$w08D31$930071
=653  \\$aBuysero, D.$3bericht voor tweede druk, 389, 390, 391$930086$020145565$w08D31
=653  \\$achocolade$3151$930447$020145565$w08D31
=653  \\$aCoccejus, J.$337, 85, 94, 230, 234, 265, 266, 272, 273$930562$020145565$w08D31
=653  \\$aCoets, H.$3481, 482$930573$020145565$w08D31
=653  \\$aDam, A. van $3482, 483$930915$020145565$w08D31
=653  \\$aDecker, J. $3363$930977$020145565$w08D31
=653  \\$aDrebbel, C.$3485, 486, 487$931202$020145565$w08D31
=653  \\$adroogte en natuurkunde$3176$931217$020145565$w08D31
=653  \\$aEversdijk, W. & C. $3524, 525$931554$020145565$w08D31
=653  \\$aFruytier, J.$358-61, 237, 430$931938$020145565$w08D31
=653  \\$aGiucciardini$3341, 521, 527$932210$020145565$w08D31
=653  \\$aGoedaert, J.$361-64$932249$020145565$w08D31
=653  \\$aGoeree, fam. $364-66, 66-69$932257$020145565$w08D31
=653  \\$aGoes, A. vd$3388-392, 406, 408, 508$932260$020145565$w08D31
=653  \\$aGroot, J. de$3504$911286$020145565$w08D31
=653  \\$aGruterus, P. $3295-297, 429, 502, 541$932448$020145565$w08D31
=653  \\$aGruterus, T.$3295-297, 429, 502, 541$932449$020145565$w08D31
=653  \\$aHuydecoper$3540$933029$020145565$w08D31
=653  \\$akaartspel$388$933276$020145565$w08D31
=653  \\$aLipsius, J. $3253$934141$020145565$w08D31
=653  \\$aMacheren, P. van $3489$934337$020145565$w08D31
=653  \\$aMander, K. van $3526, 527$934418$020145565$w08D31
=653  \\$aOstade, A. van $3504$935638$020145565$w08D31
=653  \\$aPasse, C. vd$3551-555$935788$020145565$w08D31
=653  \\$aPeterssen, H. (drukker)$3494, 495$935885$020145565$w08D31
=653  \\$aPontanus, J.J.$3299, 302, 318$936067$020145565$w08D31
=653  \\$aRembrandt$3508$914481$020145565$w08D31
=653  \\$aRuyter, M. + fam de$3230, 232, 233, 555?, vii$938655$020145565$w08D31
=653  \\$aSchrijver, R.$3153, 185$938963$020145565$w08D31
=653  \\$aSchurman, Anna Maria$3288, 309$938998$020145565$w08D31
=653  \\$aSwammerdam, J. $363$936686$020145565$w08D31
=653  \\$aSweertius, F.$33x, 254, 278, 295, 296, 382, 385, 409, 413, 535, 542, 564$936693$020145565$w08D31
=653  \\$atapijtkunst$3490-494$936742$020145565$w08D31
=653  \\$aTil, S. van $385, 89$936937$020145565$w08D31
=653  \\$atric-trac$3445$937108$020145565$w08D31
=653  \\$aVenne, A. vd$399, 157$937385$020145565$w08D31
=653  \\$averrekijker$3483-489, 501$937456$020145565$w08D31
=653  \\$aVincentius, D.$3499, 500$937557$020145565$w08D31
=653  \\$aVoetius, G.$330, 42, 94, 265, 306, 333, 338, 340, 400, 401, 433, 445$937690$020145565$w08D31
=653  \\$azonnewijzer$3550$938168$020145565$w08D31
=856  \\$uhttps://books.google.be/books?id=z68_AAAAcAAJ$3Google Books
=942  \\$cBOO
=952  \\$00$10$2ddc$40$6KTS_1_000000000000000_C3_23_08D31$70$8RAR$91954$aORPH$bORPH$cKTS1_C3$d2020-07-08$eKoopman$l0$oKTS1 C3.23 08D31$p20145565$r2021-01-12 00:00:00$w2021-01-12$yBOO
=999  \\$d1954

