=LDR  03061    a2200517   4500
=001  1955
=008  211130s1692\\\\\\\|||||\||||\00|\0\dut\d
=041  \\$adut$heng
=100  \\$aTemple, William$c1st Baronet$d1628-1699$4aut$1http://www.wikidata.org/entity/Q2248538$96441
=245  \\$aDe historische gedenkschriften van den Ridder W. Temple
=260  \\$aRotterdam$bSlaart, vander$c1692
=300  \\$a[xii]-672-[2] pages$bbound in white vellum
=336  \\$aprinted
=500  \\$aSir William Temple, 1st Baronet (1628-1699) was the statesman and essayist who employed Jonathan Swift
=534  \\$aObservations upon the United Provinces of the Netherlands$cLondon: Gellibrand, 1673$ohttps://quod.lib.umich.edu/cgi/t/text/text-idx?c=eebo;idno=A64324.0001.001
=590  \\$ain twee deelen Het eerste vervattende zijne Aanmerkingen over de Nederlandsche Provintien. Het tweede zijne Memorien van 't gene gedenkwaardig in 't Christenrijk is voorgevallen van XXX tot XXX
=648  \0$a17th Century (1601-1700)$1http://www.wikidata.org/entity/Q7016$920923
=650  \0$aHistory$1http://www.wikidata.org/entity/Q309$921403
=651  \0$aNetherlands$1http://www.wikidata.org/entity/Q55$9173
=653  \0$aNederlanden = $3151-180$020137876$w80$935172
=653  \0$aNederlandse regering in 17e eeuw$388-138$020137876$w80$935186
=653  \0$aHooft_als burgemeester van Amsterdam$3585, 586, 587, 611, 612, 637, 638, 639, 640$020137876$w80$932891
=653  \0$awijn$3224$020137876$w80$937961
=653  \0$aWillem III$3662$020137876$w80$937975
=653  \0$alatijn$3521, 661$020137876$w80$933919
=653  \0$asalaris$393, 118, 119, 169$020137876$w80$938697
=653  \0$amuziek$3674$020137876$w80$934990
=653  \\$aAmsterdamse bank van lening en beurs$395-95, 215$928677$020137876$w80
=653  \\$acatalogus P. vd Slaart$3673-674$930301$020137876$w80
=653  \\$agodsdienst$3181-200$932248$020137876$w80
=653  \\$ainternationale geschiedenis$3269-einde$933099$020137876$w80
=653  \\$aleeftijdsduur in Nederland [levensverwachting?]$3177$933976$020137876$w80
=653  \\$amatigheid van magistraten$3123, 124$934529$020137876$w80
=653  \\$aMontecuculi$3394-395, 405$934849$020137876$w80
=653  \\$aNaarden$344$935123$020137876$w80
=653  \\$aRuiter, de$3400, 419, 420$938639$020137876$w80
=653  \\$aschoonhouden van het huis$3638-640$938945$020137876$w80
=653  \\$asex_Nederlanden 17e eeuw$3164, 165$939079$020137876$w80
=653  \\$aUtrecht_Dom, storm$3316, 317$937307$020137876$w80
=653  \\$aVaderlandse geschiedenis$31-87$937312$020137876$w80
=653  \\$aValkenier_als burgemeester van Amsterdam$3587, 611$937326$020137876$w80
=765  \\$aObservations upon the United Provinces of the Netherlands
=856  \\$uhttps://books.google.be/books?id=OKRiAAAAcAAJ$3Google Books
=942  \\$cBOO
=952  \\$00$10$2ddc$40$6KTS_1_000000000000000_C1_54_08E01$70$8RAR$91955$aORPH$bORPH$cKTS1_C1$d2020-07-08$eKoopman$i08E01$oKTS1 C1.54 08E01$p20137876$r2021-01-12 00:00:00$w2021-01-12$yBOO
=999  \\$d1955

