=LDR  02532    a2200493   4500
=001  1957
=008  211130s1731\\\\\\\g||||\||||\00|\m\fre\d
=041  \\$afre
=059  \\$av
=100  \\$aDufresny, Charles$d1648-1724$4aut$1http://www.wikidata.org/entity/Q954563$96442
=245  \\$aŒuvres de Monsieur Rivière du Freny$nvol. 6
=260  \\$aParis$bBriasson$c1731
=300  \\$aviii-298-[4]-32 pages$bmusical examples
=500  \\$aIdentical to 09D11
=500  \\$acontains among others 'L'impromptu de Villers Cotterets (mises en musique par Mr Mourret)' and 'livre de Chansons'.
=500  \\$aDufresny was a popular and original playwright at the Comédie-italienne and Comédie-française (fl. 1692-1721)
=561  \\$aEx Libris Holland House (Plate) "PiR 18(d?)6" ( Manuscript)
=648  \0$a18th Century (1701-1800)$1http://www.wikidata.org/entity/Q7015$920899
=650  \0$aPlay (theater)$1http://www.wikidata.org/entity/Q25379$921414
=650  \0$aPoetry$1http://www.wikidata.org/entity/Q482$93026
=650  \0$aSong$1http://www.wikidata.org/entity/Q7366$94164
=650  \0$aLiterature$1http://www.wikidata.org/entity/Q8242$94439
=651  \0$aFrance$1http://www.wikidata.org/entity/Q142$9131
=653  \0$ablokfluit$3225$020137877$w8000$929645
=653  \0$achanson$3muziekdeel 2 (einde vh boekje)$020137877$w8000$930395
=653  \0$aop de wijze van $3140, 285$020137877$w8000$935398
=653  \0$aopera_Frankrijk 18e eeuw$310$020137877$w8000$935430
=653  \0$adiminuties$3284, chanson p.31$020137877$w8000$931087
=653  \0$adoedelzak$3226$020137877$w8000$931125
=653  \0$aflageolet$3225$020137877$w8000$931739
=653  \0$atabak$3273$020137877$w8000$936718
=653  \0$atrompet$3225$020137877$w8000$937194
=653  \0$aviool$381$020137877$w8000$937605
=653  \0$akoffie$3294-297$020137877$w8000$933661
=653  \0$aLambert$3142, 284, chansons 31, 32$020137877$w8000$933863
=653  \0$aLully$3chanson p.32$020137877$w8000$934271
=653  \0$aslagwerk$3225$020137877$w8000$939152
=653  \0$amise-en-scene$310$020137877$w8000$939271
=653  \\$aCamus, le$3284, chanson 31, 32$930175$020137877$w8000
=653  \\$aMouret, C.$3muziekdeel 1-14$934916$020137877$w8000
=856  \\$uhttps://gallica.bnf.fr/view3if/ga/ark:/12148/bpt6k3148928$3IIIF
=942  \\$cBOO
=952  \\$00$10$2ddc$40$6KTS_1_000000000000000_C1_54_08E03$70$8RAR$91957$aORPH$bORPH$cKTS1_C1$d2020-07-08$eKoopman$i08E03$oKTS1 C1.54 08E03$p20137877$r2021-01-12 00:00:00$w2021-01-12$yBOO
=999  \\$d1957

