=LDR  02238    a2200457   4500
=001  1959
=008  211130s1790\\\\\\\|||||\||||\00|\0dfre\d
=041  \\$afre
=100  \\$aBrotier, Gabriel$d1723-1789$4aut$1http://www.wikidata.org/entity/Q3093650$96443
=245  \\$aŒuvres posthumes : paroles mémorables
=260  \\$aParis$bPierres; Mérigot$c1790
=300  \\$avii-368 pages
=336  \\$aprinted
=500  \\$avarious quotes and anecdotes
=561  \\$aEx Libris Pierre Meller Bordeaux (Plate and Stamp)
=648  \0$a18th Century (1701-1800)$1http://www.wikidata.org/entity/Q7015$920899
=650  \0$aBiography$1http://www.wikidata.org/entity/Q36279$91927
=650  \0$aBiography$1http://www.wikidata.org/entity/Q36279$91927
=653  \0$aboekprijs$3naast tp$020137879$w800000$929701
=653  \0$aBoileau Despréaux, N.$322-24, 82$020137879$w800000$929730
=653  \0$aCastel$3271$020137879$w800000$930272
=653  \0$aCorneille$379-84, 310$020137879$w800000$930742
=653  \0$aPoussin, N. $3260, 261$020137879$w800000$936124
=653  \0$aRacine$323, 81, 82, 207, 261-263$020137879$w800000$936325
=653  \0$aTitiaan$3237, 238, 264$020137879$w800000$936955
=653  \0$asalaris$323, 30, 31$020137879$w800000$938697
=653  \0$aLully$324$020137879$w800000$934271
=653  \0$aMoliere$382, 83$020137879$w800000$934806
=653  \\$aBrotier, G. $3wb, 308-317$929966$020137879$w800000
=653  \\$aLouis XIV$3197-213$99829$020137879$w800000
=653  \\$aMaurits, prins$3230-231$934558$020137879$w800000
=653  \\$aMichelangelo$3235-244$910268$020137879$w800000
=653  \\$aRaphael$3264$923122$020137879$w800000
=653  \\$aRuiter de$3207$938638$020137879$w800000
=653  \\$aVoltaire$3302-305$95159$020137879$w800000
=653  \\$aWillem III en Mary$3251, 252$937977$020137879$w800000
=700  \\$4edt$aBrotier, André-Charles$d1751-1798$1http://www.wikidata.org/entity/Q2847021$923158
=856  \\$uhttps://books.google.be/books?id=AV1iJkXjPAQC$3Google Books
=942  \\$cBOO
=952  \\$00$10$2ddc$40$6KTS_1_000000000000000_C1_54_08E05$70$8RAR$91959$aORPH$bORPH$cKTS1_C1$d2020-07-08$eKoopman$i08E05$oKTS1 C1.54 08E05$p20137879$r2021-01-12 00:00:00$w2021-01-12$yBOO
=999  \\$d1959

