=LDR  01289    a2200277   4500
=001  1960
=003  OSt
=005  20251031154432.0
=008  211130s1749\\\\\\\|||||\||||\00|\0\ger\d
=040  \\$cOI
=041  \\$ager
=100  \\$aMattheson, Johann$d1681-1764$4aut$1http://www.wikidata.org/entity/Q170333$95222
=245  \\$aAbhandlung von den Pantomimen:$bHistorisch und critisch ausgeführt
=250  \\$a1st ed.
=260  \\$aHamburg$bGeißler$c1749
=300  \\$a[xii]-81 pages$bengraved title page
=648  \0$a18th Century (1701-1800)$1http://www.wikidata.org/entity/Q7015$920899
=650  \0$aTheater history$1http://www.wikidata.org/entity/Q1061140$94607
=650  \0$aTheater criticism$1http://www.wikidata.org/entity/Q2416230$921632
=650  \0$aMime$1http://www.wikidata.org/entity/Q39818$924696
=651  \0$aHamburg (Germany)$1http://www.wikidata.org/entity/Q1055$921940
=653  \0$aGottsched$3X4, 3$020137880$w8000000$932285
=856  \\$uhttps://imslp.org/wiki/Abhandlung_von_den_Pantomimen_(Mattheson%2C_Johann)$3International Music Score Library Project
=942  \\$cBOO
=952  \\$00$10$2ddc$40$6KTS_1_000000000000000_C1_54_08E06$70$8RAR$91960$aORPH$bORPH$cKTS1_C1$d2020-07-08$eKoopman$oKTS1 C1.54 08E06$p20137880$r2021-01-12 00:00:00$w2021-01-12$yBOO
=999  \\$d1960

