=LDR  01164aam a2200253   4500
=001  1962
=008  211130r17281694||||||||\||||\00|\0\fre\d
=041  \\$afre
=100  \\$aBossuet, Jacques Bénigne$d1627-1704$4aut$1http://www.wikidata.org/entity/Q3158442$96445
=245  \\$aMaximes et réflexions sur la comédie
=260  \\$aParis$bDelusseux$c1728
=300  \\$a[vi]-152 pages
=336  \\$aprinted
=501  \\$aLebrun's 'Discours sur la comédie' (1731)
=534  \\$aOriginally published in 1694
=648  \0$a17th Century (1601-1700)$1http://www.wikidata.org/entity/Q7016$920923
=648  \0$a18th Century (1701-1800)$1http://www.wikidata.org/entity/Q7015$920899
=650  \0$aTheater history$1http://www.wikidata.org/entity/Q1061140$94607
=650  \0$aReligion$1http://www.wikidata.org/entity/Q9174$93062
=650  \0$aPhilosophy$1http://www.wikidata.org/entity/Q5891$92357
=856  4\$uhttps://books.google.fr/books?id=oPx01zZXrh0C
=942  \\$cBOO
=952  \\$00$10$2ddc$40$6KTS_1_000000000000000_C1_54_08E08A$70$8RAR$91962$aORPH$bORPH$cKTS1_C1$d2020-07-08$eKoopman$i08E08a$oKTS1 C1.54 08E08a$p20137872$r2021-01-12 00:00:00$w2021-01-12$yBOO
=999  \\$d1962

