=LDR  01146aam a2200253   4500
=001  1965
=008  211130s1848\\\\|||fa|||\||||\00|\0\eng\d
=041  \\$adut
=245  \\$aThe Churches of Scarborough, Filey and the Neighbourhood
=250  \\$a1st ed.
=260  \\$aLondon$bMasters$c1848
=300  \\$aviii-166-36 pages$bill.
=336  \\$aprinted
=648  \0$a19th Century (1801-1900)$1http://www.wikidata.org/entity/Q6955$920935
=650  \0$aArchitecture$1http://www.wikidata.org/entity/Q12271$93185
=650  \0$aChurch$1http://www.wikidata.org/entity/Q16970$93776
=651  \0$aScarborough (United Kingdom)$1http://www.wikidata.org/entity/Q743521$923164
=651  \0$aFiley (United Kingdom)$1http://www.wikidata.org/entity/Q82334$923165
=700  \\$4aut$aPoole, George Ayliffe$d1809-1883$94984
=700  \\$4aut$aHugall, John West$d1806-1880$94985
=856  \\$uhttps://books.google.be/books?id=LbcaAAAAYAAJ$3Google Books
=942  \\$cBOO
=952  \\$00$10$2ddc$40$6KTS_1_000000000000000_C1_54_08E10$70$8RAR$91965$aORPH$bORPH$cKTS1_C1$d2020-07-08$eKoopman$i08E10$oKTS1 C1.54 08E10$p20137884$r2021-01-12 00:00:00$w2021-01-12$yBOO
=999  \\$d1965

