=LDR  01722aam a2200253   4500
=001  1966
=008  211130s1679\\\\\\\|||||\||||\00|\0\mul\d
=041  \\$alat$agre
=100  \\$aAndronicus of Rhodes$dfl. c. 60 BC$4aut$1http://www.wikidata.org/entity/Q352988$96448
=245  \\$aAndrenici Rhodii Ethicorum Nichomacheorum Paraphrasis.$bCum Interpretatione Danielis Heinsii
=260  \\$aCambridge$bHayes$c1679
=300  \\$a[xii]-530-[30] pages$btitle page in black and red ink
=500  \\$aAndronicos was a Greek philosopher from Rhodes who was also the scholarch (head) of the Peripatetic school. He is most famous for publishing a new edition of the works of Aristotle that forms the basis of the texts that survive today.
=500  \\$aDaniël Heinsius (Ghent, 1580-The Hague, 1655) was one of the most famous scholars of the Dutch Renaissance; he taught poetics, classics and political science at Universiteit Leiden, which he also served as librarian.
=504  \\$aindex
=561  \\$aEx Libris Bibliotheca Xylini 1947 (stamp and manuscript)
=648  \0$aClassical Antiquity (8th Century BC-6th Century AD)$1http://www.wikidata.org/entity/Q486761$921435
=648  \0$a17th Century (1601-1700)$1http://www.wikidata.org/entity/Q7016$920923
=650  \0$aPhilosophy$1http://www.wikidata.org/entity/Q5891$92357
=700  \\$4aut$aHeinsius, Daniel$d1580-1655$1http://www.wikidata.org/entity/Q918731$95177
=856  \\$uhttps://archive.org/details/andrenicirhodii00heligoog/page/n1$3Internet Archive
=942  \\$cBOO
=952  \\$00$10$2ddc$40$6KTS_1_000000000000000_C1_54_08E11$70$8RAR$91966$aORPH$bORPH$cKTS1_C1$d2020-07-08$eKoopman$i08E11$oKTS1 C1.54 08E11$p20137881$r2021-01-12 00:00:00$w2021-01-12$yBOO
=999  \\$d1966

