=LDR  01896aam a2200361   4500
=001  1967
=008  211130s1748\\\\\\\|||||\||||\00|\0\lat\d
=041  \\$alat
=100  \\$aHeineccius, Johann Gottlieb$d1681-1741$4aut$1http://www.wikidata.org/entity/Q65409$96449
=245  \\$aFundamenta stili cultioris.$bAdiectæ annotationes O. Matthiæ Gesneri
=246  \1$aThe foundation of a civilized style
=260  \\$aLeipzig$bFritsch$c1748
=300  \\$a[xvi]-520-[56] pages$btitle page in red & black ink
=500  \\$aHeineccius was a German jurist, professor of philosophy and jurisprudence. 
=504  \\$aContains an index
=534  \\$aOriginally published in Halle in 1719
=648  \0$a18th Century (1701-1800)$1http://www.wikidata.org/entity/Q7015$920899
=650  \0$aLiterature$1http://www.wikidata.org/entity/Q8242$94439
=650  \0$aLinguistics$1http://www.wikidata.org/entity/Q8162$93902
=650  \0$aRhetoric$1http://www.wikidata.org/entity/Q81009$93894
=650  \0$aMethod$1http://www.wikidata.org/entity/Q2250960$921402
=653  \0$aafwisseling$3380, 381$020137882$w8000000000000$928514
=653  \0$adialoog$3275-286$020137882$w8000000000000$931047
=653  \0$atempo$3163$020137882$w8000000000000$936814
=653  \0$aretorica$356-199$020137882$w8000000000000$938388
=653  \\$aGesner, M.$3wb$932150$020137882$w8000000000000
=653  \\$aHeineccius, J.$3wb, 479-484$932673$020137882$w8000000000000
=653  \\$aStrykius, S.$3433-460$936651$020137882$w8000000000000
=700  \\$4aut$4ann$aGessner, Johann Matthias$d1691-1761$1http://www.wikidata.org/entity/Q574402$98017
=856  \\$uhttps://books.google.be/books?id=pQBKxAEACAAJ$3Google Books
=942  \\$cBOO
=952  \\$00$10$2ddc$40$6KTS_1_000000000000000_C1_54_08E12$70$8RAR$91967$aORPH$bORPH$cKTS1_C1$d2020-07-08$eKoopman$oKTS1 C1.54 08E12$p20137882$r2021-01-12 00:00:00$w2021-01-12$yBOO
=999  \\$d1967

