=LDR  01870aam a2200361   4500
=001  1979
=008  211220s1818\\\\\\\g||||\||||\00|\0\ger\d
=041  \\$ager
=059  \\$av
=245  \\$aGesangbuch zum Gebrauche der evangelischen Konsistorialkirche von Mühlhausen
=260  \\$aMühlhausen$bRißler$c1818
=300  \\$axx-376-[24] pages$bmusic examples
=500  \\$aContains texts of 515 religious songs, some of which are notated with their melody, followed by ten pages of prayers
=500  \\$athe music corresponds in part with that sung in Strasbourg
=500  \\$aIn Mühlhausen, situated in the north-west of Thuringia, Germany, Johann Sebastian Bach worked as the city's organist in 1707–08. 
=504  \\$aindex
=561  \\$aex libris Michel Grosheintz Dornach 1836   (manuscript)
=648  \0$a19th Century (1801-1900)$1http://www.wikidata.org/entity/Q6955$920935
=650  \0$aSong$1http://www.wikidata.org/entity/Q7366$94164
=650  \0$aSong$1http://www.wikidata.org/entity/Q7366$94164
=650  \0$aReligion$1http://www.wikidata.org/entity/Q9174$93062
=650  \0$aProtestantism$1http://www.wikidata.org/entity/Q23540$921012
=651  \0$aMühlhausen (Germany)$1http://www.wikidata.org/entity/Q14925$923289
=653  \0$amuziek in eredienst$3xii$020138050$w8E+020$935012
=653  \0$aorgel in eredienst$3xi$020138050$w8E+020$935479
=653  \0$aoud-nieuw$3viii$020138050$w8E+020$935651
=653  \0$aemotie$3xiii$020138050$w8E+020$931444
=653  \0$atrombone$3xii$020138050$w8E+020$937186
=653  \0$aSilbermann, A. $3xii$020138050$w8E+020$939114
=653  \\$ageen fermate in koraal$3wb$932069$020138050$w8E+020
=942  \\$cBOO
=952  \\$00$10$2ddc$40$6KTS_1_000000000000000_C1_61_08E20$70$8RAR$91979$aORPH$bORPH$cKTS1_C1$d2020-07-08$eKoopman$oKTS1 C1.61 08E20$p20138050$r2021-01-12 00:00:00$w2021-01-12$yBOO
=999  \\$d1979

