=LDR  01214    a2200253   4500
=001  1983
=008  211123s1879\\\\\\\|||||\||||\00|\idfre\d
=041  \\$afre
=100  \\$aBerlioz, Hector$d1803-1869$4crp$1http://www.wikidata.org/entity/Q1151$99542
=245  \\$aCorrespondance inédite$bavec une notice biographique
=250  \\$a2nd rev. ed.
=260  \\$aParis$bCalmann Lévy$c1879
=300  \\$a[iv]-385-[3] pages
=561  \\$aex libris "Honoriae Rendall Londinium inceptus, 6 Lexham Gardens W.8." (manuscript)
=648  \0$a19th Century (1801-1900)$1http://www.wikidata.org/entity/Q6955$920935
=650  \0$aComposer$1http://www.wikidata.org/entity/Q36834$93625
=650  \0$aBiography$1http://www.wikidata.org/entity/Q36279$91927
=650  \0$aCorrespondence$1http://www.wikidata.org/entity/Q1784733$921392
=651  \0$aFrance$1http://www.wikidata.org/entity/Q142$9131
=700  \\$4aut$aBernard, Daniel$923290
=856  \\$uhttps://gallica.bnf.fr/view3if/ga/ark:/12148/bpt6k1030594$3IIIF
=942  \\$cBOO
=952  \\$00$10$2ddc$40$6KTS_1_000000000000000_C1_61_08E24$70$8RAR$91983$aORPH$bORPH$cKTS1_C1$d2020-07-08$eKoopman$i08E24$oKTS1 C1.61 08E24$p20138055$r2021-01-12 00:00:00$w2021-01-12$yBOO
=999  \\$d1983

