=LDR  00940    a2200217   4500
=001  1984
=008  211220s1780\\\\||||||||\||||\00|\0\fre\d
=041  \\$afre
=100  \\$aGoudar, Ange$d1708-1791$4aut$96464
=245  \\$aLe Brigandage de la musique italienne
=260  \\$aAmsterdam; Paris$bs.n.$c1780
=300  \\$axii-173 pages
=336  \\$aprinted
=500  \\$aOriginally published in 1777
=500  \\$aearlier print digitalized: https://www.loc.gov/resource/muspre1800.101487/?sp=2

=648  \0$a18th Century (1701-1800)$1http://www.wikidata.org/entity/Q7015$920899
=650  \0$aMusic criticism$1http://www.wikidata.org/entity/Q11748889$921598
=650  \0$aMusic history$1http://www.wikidata.org/entity/Q846047$921373
=942  \\$cBOO
=952  \\$00$10$2ddc$40$6KTS_1_000000000000000_C1_61_08E25$70$8RAR$91984$aORPH$bORPH$cKTS1_C1$d2020-07-08$eKoopman$i08E25$oKTS1 C1.61 08E25$p20138056$r2021-01-12 00:00:00$w2021-01-12$yBOO
=999  \\$d1984

