=LDR  01410aam a2200253   4500
=001  1987
=008  231031s1737\\\\|||g||||\||||\00|\0\eng\d
=041  \\$aeng
=059  \\$abc
=100  \\$aLampe, John Frederick$d1703?-1751$4aut$1http://www.wikidata.org/entity/Q480487$96466
=245  \\$aPlain and Compendious Method of Teaching Thorough Bass
=250  \\$a1st ed.
=260  \\$aLondon$bWilcox$c1737
=300  \\$a45-[186] pages$bPlates, folded pages, title page in red and black ink, modern cardboard binding, marbled paper cover, musical examples
=500  \\$aContains 93 plates with musical examples and lessons
=563  \\$amodern cardboard binding
=590  \\$aAfter the most Rational Manner. With Proper Rules for Practice. The Examples and Lessons Curiously Engraved on Copper Plates
=648  \0$a18th Century (1701-1800)$1http://www.wikidata.org/entity/Q7015$920899
=650  \0$aBasso continuo$1http://www.wikidata.org/entity/Q724321$921065
=651  \0$aLondon (United Kingdom)$1http://www.wikidata.org/entity/Q84$9123
=856  \\$uhttps://imslp.org/wiki/A_Plain_and_Compendious_Method_of_Teaching_Thorough_Bass_(Lampe%2C_John_Frederick)$3International Music Score Library Project
=942  \\$cBOO
=952  \\$00$10$2ddc$40$6KTS_1_000000000000000_C3_35_08F03$70$8RAR$91987$aORPH$bORPH$cKTS1_C3$d2020-07-08$eKoopman$l0$oKTS1 C3.35 08F03$p20145968$r2021-01-12 00:00:00$w2021-01-12$yBOO
=999  \\$d1987

