=LDR  01389acm a2200265   4500
=001  1988
=008  231031r18831613|||||l||\||||\00|\0\dut\d
=041  \\$adut
=059  \\$aSATB kbd
=100  \\$aSweelinck, Jan Pieterszoon$d1562-1621$4cmp$1http://www.wikidata.org/entity/Q110294$911454
=245  \\$aZes vierstemmige psalmen
=260  \\$aAmsterdam$bvon Wahlberg$c1883
=300  \\$a1-78 pages
=500  \\$aSix psalms selected from Sweelinck's 21 four-part Psalms (Berlin, 1613)
=648  \0$a17th Century (1601-1700)$1http://www.wikidata.org/entity/Q7016$920923
=648  \0$a19th Century (1801-1900)$1http://www.wikidata.org/entity/Q6955$920935
=650  \0$aVocal music$1http://www.wikidata.org/entity/Q685884$93319
=650  \0$aKeyboard instrument$1http://www.wikidata.org/entity/Q52954$92849
=650  \0$aPsalm$1http://www.wikidata.org/entity/Q12497663$92164
=651  \0$aAmsterdam (Netherlands)$1http://www.wikidata.org/entity/Q727$9135
=700  \\$aEitner, Robert$d1832-1905$1http://www.wikidata.org/entity/Q65269$4edt$919833
=856  \\$uhttps://imslp.org/wiki/21_Vier-Stimmige_Psalmen_(Sweelinck%2C_Jan_Pieterszoon)$3International Music Score Library Project
=942  \\$cSCO
=952  \\$00$10$2ddc$40$6KTS_1_000000000000000_C3_35_08F04$70$8RAR$91988$aORPH$bORPH$cKTS1_C3$d2020-07-08$eKoopman$l0$oKTS1 C3.35 08F04$p20145954$r2021-01-12 00:00:00$w2021-01-12$ySCO
=999  \\$d1988

