=LDR  01186aam a2200241   4500
=001  1989
=008  220916s1840\\\\||||||||\||||\00|\0\ger\d
=041  \\$ager
=100  \\$aBecker, Carl Ferdinand$d1804-1877$4aut$1http://www.wikidata.org/entity/Q553537$97847
=245  \\$aDie Hausmusik in Deutschland in dem 16., 17. und 18. Jahrhunderte
=260  \\$aLeipzig$bFest$c1840
=300  \\$a[ii]-123 pages
=500  \\$aBecker was organist to the Nikolaikirche in Leipzig
=648  \0$a16th Century (1501-1600)$1http://www.wikidata.org/entity/Q7017$920944
=648  \0$a17th Century (1601-1700)$1http://www.wikidata.org/entity/Q7016$920923
=648  \0$a18th Century (1701-1800)$1http://www.wikidata.org/entity/Q7015$920899
=650  \0$aMusic history$1http://www.wikidata.org/entity/Q846047$921373
=650  \0$aDomestic music-making$926204
=651  \0$aGermany$1http://www.wikidata.org/entity/Q183$9155
=856  \\$uhttps://books.google.be/books?id=zP4sAAAAYAAJ$3Google Books
=942  \\$cBOO
=952  \\$00$10$2ddc$40$6KTS_1_000000000000000_C3_35_08F05$70$8RAR$91989$aORPH$bORPH$cKTS1_C3$d2020-07-08$eKoopman$l0$oKTS1 C3.35 08F05$p20145965$r2021-01-12 00:00:00$w2021-01-12$yBOO
=999  \\$d1989

