=LDR  01336acm a2200253   4500
=001  1990
=008  231031n\\\\\\\\|||||k||\||||\00|\0\mul\d
=041  \\$aeng$dlat$deng
=059  \\$av org/harm/pf
=100  \\$aRossini, Gioacchino$d1792-1868$4cmp$96192
=245  \\$aStabat Mater in Vocal Score with Accompaniment for the Organ, Harmonium, or Piano-Forte
=260  \\$aLondon$bBoosey$cs.d.
=300  \\$a[i]-70 pages
=500  \\$aRossini composed his Stabat Mater late in his career after retiring from the composition of opera. He began the work in 1831 but did not complete it until 1841.
=648  \0$a19th Century (1801-1900)$1http://www.wikidata.org/entity/Q6955$920935
=650  \0$aReligion$1http://www.wikidata.org/entity/Q9174$93062
=650  \0$aStabat Mater$1http://www.wikidata.org/entity/Q210080$93713
=650  \0$aKeyboard instrument$1http://www.wikidata.org/entity/Q52954$92849
=651  \0$aUnited Kingdom$1http://www.wikidata.org/entity/Q21$9273
=700  \\$aBirch, W. H.$d1826-1888$1http://www.wikidata.org/entity/Q73673717$4edt$4trl$96470
=856  4\$uhttps://catalog.hathitrust.org/Record/101977637
=942  \\$cSCO
=952  \\$00$10$2ddc$40$6KTS_1_000000000000000_C3_35_08F06$70$8RAR$91990$aORPH$bORPH$cKTS1_C3$d2020-07-08$eKoopman$l0$oKTS1 C3.35 08F06$p20145966$r2021-01-12 00:00:00$w2021-01-12$ySCO
=999  \\$d1990

