=LDR  00666aam a2200157   4500
=001  1991
=008  231030b\\\\\\\\|||ac|||\||||\00|\0\eng\d
=041  \\$aeng
=245  \\$aThe Photographic Album
=260  \\$aEngland$bs.n.$c18xx
=300  \\$a[43] pages$bphotographs & illustrations on thick paper, gilt edges
=563  \\$aHeavy, black (leather) cover with golden ornamentations and a metal lock
=650  \0$aPhotography$1http://www.wikidata.org/entity/Q11633$91982
=942  \\$cBOO
=952  \\$00$10$2ddc$40$6KTS_1_000000000000000_C3_36_08F07$70$8RAR$91991$aORPH$bORPH$cKTS1_C3$d2020-07-08$eKoopman$l0$oKTS1 C3.36 08F07$p20145964$r2021-01-12 00:00:00$w2021-01-12$yBOO
=999  \\$d1991

