=LDR  01478acm a2200289   4500
=001  1992
=008  231113r17351681|||||le|\||||\00|\0\eng\d
=041  \\$aeng
=059  \\$avc vlne/hpd
=100  \\$aCorelli, Arcangelo$d1653-1713$4cmp$1http://www.wikidata.org/entity/Q164475$95351
=240  \\$aop. 1-4
=245  \\$aXII Sonatas of Three Parts for Two Violins and a Bass:$bCello & Violone/Harpsichord parts
=260  \\$aLondon$bWalsh$c1735
=300  \\$a24-18-25-16 pages
=505  \\$gop. 1: violoncello$gop. 2: violone o cimbalo$gop. 3: violoncello$gop. 4: violone o cimbalo
=534  \\$aOriginally published in 1681
=648  \0$a17th Century (1601-1700)$1http://www.wikidata.org/entity/Q7016$920923
=648  \0$a18th Century (1701-1800)$1http://www.wikidata.org/entity/Q7015$920899
=650  \0$aSonata$1http://www.wikidata.org/entity/Q131269$921653
=650  \0$aCello$1http://www.wikidata.org/entity/Q8371$92688
=650  \0$aViolone$1http://www.wikidata.org/entity/Q667047$921878
=650  \0$aHarpsichord$1http://www.wikidata.org/entity/Q81982$92125
=650  \0$aFigured bass$1http://www.wikidata.org/entity/Q349603$922198
=856  \\$uhttps://imslp.org/wiki/12_Trio_Sonatas,_Op.1_(Corelli,_Arcangelo)$3International Music Score Library Project
=942  \\$cSCO
=952  \\$00$10$2ddc$40$6KTS_1_000000000000000_C3_36_08F08B$70$8RAR$91992$aORPH$bORPH$cKTS1_C3$d2020-07-08$eKoopman$l0$oKTS1 C3.36 08F08b$p20146001$r2021-01-12 00:00:00$w2021-01-12$ySCO
=999  \\$d1992

