=LDR  01556acm a2200253   4500
=001  1998
=008  240320i1735\\\\|||||le|\||||\00|\0\eng\d
=041  \\$aeng
=059  \\$avn
=100  \\$aCorelli, Arcangelo$d1653-1713$4cmp$1http://www.wikidata.org/entity/Q164475$95351
=245  \\$aXII Sonatas of Three Parts for Two Violins and a Bass op. 3: violino primo
=260  \\$aLondon$bWalsh$c1735
=300  \\$a[ii]-25 pages
=500  \\$aOriginally published in 1689
=501  \\$aBound in with 'XII Sonatas of Three Parts for Two Violins and a Bass op. 1: violino primo', 'XII Sonatas of Three Parts for Two Violins and a Bass op. 2: violino primo' and 'XII Sonatas of Three Parts for Two Violins and a Bass op. 4: violino primo 
=590  \\$aWith a Through Bass for ye Organ Haprpsichord or Arch Lute Engraved from ye Score and Carefully Corrected by ye best Italian Masters
=648  \0$a18th Century (1701-1800)$1http://www.wikidata.org/entity/Q7015$920899
=650  \0$aInstrumental music$1http://www.wikidata.org/entity/Q639197$92106
=650  \0$aTrio sonata$1http://www.wikidata.org/entity/Q903425$921654
=773  \\$01996$tXII Sonatas of Three Parts for Two Violins and a Bass op. 1: violino primo $w1996
=856  \\$uhttps://imslp.org/wiki/12_Trio_Sonatas,_Op.3_(Corelli,_Arcangelo)$3International Music Score Library Project
=942  \\$cSCO
=952  \\$00$10$2ddc$40$6KTS_1_000000000000000_C3_35_08F08A3$70$8RAR$91998$aORPH$bORPH$cKTS1_C3$d2020-07-08$eKoopman$l0$oKTS1 C3.35 08F08a3$p20145995a3$r2021-01-12 00:00:00$w2021-01-12$ySCO
=999  \\$d1998

