=LDR  02089    a2200385   4500
=001  2001
=008  231113s1897\\\\|||ao|||\||||\00|\0\dan\d
=041  \\$adan
=100  \\$aHammerich, Angul$d1848-1931$4aut$1http://www.wikidata.org/entity/Q4495309$96422
=245  \\$aEt Historisk Orgel paa Frederiksborg Slot
=260  \\$aCopenhagen$bGad$c1897
=300  \\$a20 pages
=500  \\$aArticle concerning the historic organ at Frederiksborg castle in Hillerød, Denmark
=500  \\$aAngul Hammerich (1848-1931) was a Danish music historian. He was the brother of composer Asger Hamerik and uncle of composer and conductor Ebbe Hamerik.
=500  \\$aManuscript note on title page
=561  \\$aEx libris Peter Thomsen (1893-1976, organist) (manuscript)
=590  \\$aSaetryk af tidsskrift for kunstindustri
=600  \0$aCompenius, Esaias$bder Ältere$d1560-1617$1http://www.wikidata.org/entity/Q85975$926829
=610  \0$aFrederiksborg Slotskirke (Hillerød, Denmark)$1http://www.wikidata.org/entity/Q11970040$924091
=648  \0$a17th Century (1601-1700)$1http://www.wikidata.org/entity/Q7016$920923
=650  \0$aOrgan$1http://www.wikidata.org/entity/Q1444$92810
=650  \0$aMusic history$1http://www.wikidata.org/entity/Q846047$921373
=651  \0$aHillerød (Denmark)$1http://www.wikidata.org/entity/Q27425$926830
=653  \0$aCavaillé-Coll$32$020146000$w08F10$930324
=653  \0$aCompenius, E.$34$020146000$w08F10$930617
=653  \0$atemperatuur$312, 19, 20$020146000$w08F10$936807
=653  \\$aMaas, N.$31$934318$020146000$w08F10
=653  \\$aMancinus, T.$38$934414$020146000$w08F10
=653  \\$aorgel van kristal$31$935490$020146000$w08F10
=653  \\$aorgelpijpen van ivoor$33, 5, 9$935567$020146000$w08F10
=653  \\$aorgelpijpmensuur$315-19$935569$020146000$w08F10
=653  \\$aSpielereyregister op orgel$310$936424$020146000$w08F10
=942  \\$cBOO
=952  \\$00$10$2ddc$40$6KTS_1_000000000000000_C3_36_08F10$70$8RAR$92001$aORPH$bORPH$cKTS1_C3$d2020-07-08$eKoopman$l0$oKTS1 C3.36 08F10$p20146000$r2021-01-12 00:00:00$w2021-01-12$yBOO
=999  \\$d2001

