=LDR  01605aam a2200277   4500
=001  2002
=005  20250926134853.0
=008  230324s1906\\\\|||a||||\||||\00|\hdger\d
=041  \\$ager
=100  \\$aKlotz, E.$dfl. 1906$4aut$96473
=245  \\$aDas fragwürdige Todtenbein von Leipzig
=260  \\$aLeipzig$bde Wit$c1906
=300  \\$a[i]-18-[1] pages
=500  \\$aCaricatural illustrations
=500  \\$aOccasioned by the alleged exhumation of Bach in 1894, discussed in Richard H. C. Zegers, Mario Maas, Ton Koopman and George J. R. Maat 'Are the Alleged Remains of Johann Sebastian Bach Authentic?', Med J Aust 190/4 (2009), 213-216
=590  \\$aSatire auf die tieftraurige Historie vom Leben , Sterben u.d. Ausgrabung der Gebeine J. S. Bach's.
Herzerfrischender Bilderbogen als ein Denkmal für einen in Leipzig vergessen-verfaulten, großen Künstler deutschen Geistes
=600  \0$aBach, Johann Sebastian$d1685-1750$1http://www.wikidata.org/entity/Q1339$94766
=648  \0$a20th Century (1901-2000)$1http://www.wikidata.org/entity/Q6927$920936
=650  \0$aComposer$1http://www.wikidata.org/entity/Q36834$93625
=650  \0$aLegacy$1http://www.wikidata.org/entity/Q623282$922131
=650  \0$aSatire$1http://www.wikidata.org/entity/Q128758$921636
=651  \0$aLeipzig (Germany)$1http://www.wikidata.org/entity/Q2079$945
=856  4\$uhttps://edoc.hu-berlin.de/handle/18452/1066
=942  \\$cBOO
=952  \\$00$10$2ddc$40$6KTS_1_000000000000000_C3_35_08F11$70$8RAR$92002$aORPH$bORPH$cKTS1_C3$d2020-07-08$eKoopman$l0$oKTS1 C3.35 08F11$p20145998$r2021-01-12 00:00:00$w2021-01-12$yBOO
=999  \\$d2002

