=LDR  01055    a2200265   4500
=001  2004
=008  210402b\\\\\\\\\\\|||||\||||\00|\0\dut\d
=041  \\$adut
=100  \\$aAhlers, H.$4rcp$4aut$96475
=245  \\$a[Letters and notes to/from dhr. Ahlers]
=260  \\$aHilversum$c1880
=300  \\$a54 pages
=500  \\$aVarious letters, bills and notes
=501  \\$aVarious poems and lyrics
Schoonhoven en Hilversum by Schunke, H. A.
=650  \0$aCorrespondence$1http://www.wikidata.org/entity/Q1784733$921392
=650  \0$aEconomy$1http://www.wikidata.org/entity/Q159810$921625
=700  \\$4aut$aWildschut, F.$96476
=700  \\$4aut$aKievits, J. C. B.$96477
=700  \\$aBijleveld$4aut$96479
=700  \\$aVliet, van der$4aut$96478
=700  \\$aIda$4aut$921138
=773  \\$019921$tCollection of Dutch letters, poems, notes$w19921
=942  \\$cMS
=952  \\$00$10$2ddc$40$6KTS_1_000000000000000_C3_36_08F13A$70$8RAR$92004$aORPH$bORPH$cKTS1_C3$d2020-07-08$eKoopman$l0$oKTS1 C3.36 08F13a$p20136207a$r2021-01-12 00:00:00$w2021-01-12$yMS
=999  \\$d2004

