=LDR  02488    a2200325   4500
=001  2005
=003  OI
=005  20250120120320.0
=008  210226b\\\\\\\\be\|||||\||||\00|\0\dut\d
=040  \\$aBF
=041  \\$adut
=100  \\$aRymer, Jan de$4aut$96480
=245  \\$a[Various poems and lyrics]
=260  \\$aAmsterdam$c1843-47
=300  \\$a44 pages
=500  \\$aContains Jan de Rymer's 'Jan Salie, een karakterschets' (Jan Salie, also 'Saly', after the title-character of W. D. Hooft's farce, 1644, came to personify 19th-century Dutch character; poem, dated Amsterdam, July 1846), 'Het dameskransje', 'De groote vakantie' ("een specie van een kantate" 1843), T. Hoore's 'Onzin' (poem), Patjen Zóó Zóó's 'Jantjen Kontent' (poem), Jantjen Ei! Ei!'s 'Pietje bedroefd' (poem), Ten Kate's  'Muziek des harten', Van Zeggelen's 'Een lied voor den oproermaker' (poem after "Den Londenschen Punch nagezongen", V. D.'s, 'De kalfskop' (poem), v. Z.'s 'Zwarigheden van iemand, die geen afschaffer is' (poem, dated 28 February 1849), Van Zeggelen's 'Wat een oude jonge heer al worden kan' (poem), Sine ira et studio's 'De lazareth-poëet verliefd' (poem), 'De galopade' (poem), 'Vrouwelyke vindingrijkheid' (letter), 'Helaas! zoo zyn de vrouwen' (poem), 'Twist tusschen een dichte & en apotheker' (dialogue), Bilderdijk's 'Schraapziek en de muis', and Walré's 'De waarheid' (poem). Many authors' names are no doubt satirical pseudonyms
=501  \\$aBound in with 'Brieven en nota's aan/van dhr. Ahlers' (1880) and Schunke's 'Schoonhoven en Hilversum' (1880)
=648  \0$a19th Century (1801-1900)$1http://www.wikidata.org/entity/Q6955$920935
=650  \0$aPlay (theater)$1http://www.wikidata.org/entity/Q25379$921414
=700  \\$aHoore, T.$4aut$96481
=700  \\$aZóó Zóó, Patjen$4aut$96482
=700  \\$aEi! Ei!, Jantjen$4aut$96483
=700  \\$aKate, J. J. L. ten$d1819-1889$4aut$1http://www.wikidata.org/entity/Q1869897$94792
=700  \\$aZeggelen, Willem Josephus van$d1811-1879$4aut$1http://www.wikidata.org/entity/Q14519558$95267
=700  \\$aBilderdijk, Willem$d1756-1831$4aut$1http://www.wikidata.org/entity/Q1375186$94900
=700  \\$aWalré, Wilhelmus van$d1737-?$4aut$96486
=773  \\$019921$tCollection of Dutch letters, poems, notes$w19921
=942  \\$cMS
=952  \\$00$10$2ddc$40$6KTS_1_000000000000000_C3_36_08F13B$70$8RAR$92005$aORPH$bORPH$cKTS1_C3$d2020-07-08$eKoopman$l0$oKTS1 C3.36 08F13b$p20136207b$r2021-01-12 00:00:00$w2021-01-12$yMS
=999  \\$d2005

