=LDR  01510aam a2200313   4500
=001  2011
=005  20250925143255.0
=008  231113s1921\\\\|||cg|||\||||\00|\0\fre\d
=041  \\$afre
=245  \\$aDiscours prononcés aux funérailles de C. Saint-Saëns, le samedi 24 décembre au cimetière du Montparnasse
=260  \\$aParis$bDurand$c1921
=300  \\$a18 pages
=600  \0$aSaint-Saëns, Camille$d1835-1921$1http://www.wikidata.org/entity/Q150445$97644
=648  \0$a20th Century (1901-2000)$1http://www.wikidata.org/entity/Q6927$920936
=650  \0$aMusic history$1http://www.wikidata.org/entity/Q846047$921373
=650  \0$aRhetoric$1http://www.wikidata.org/entity/Q81009$93894
=650  \0$aFuneral$1http://www.wikidata.org/entity/Q201676$93261
=650  \0$aEulogy$1http://www.wikidata.org/entity/Q249697$923846
=651  \0$aParis (France)$1http://www.wikidata.org/entity/Q90$9160
=700  \\$aBérard, Léon$4aut$96489
=700  \\$aBruneau, Alfred$d1857-1934$1http://www.wikidata.org/entity/Q933351$4aut$96490
=700  \\$aCarol-Bérard$4aut$96491
=700  \\$aGigout, Eugène$4aut$96492
=700  \\$aHaraucourt, Edmond$4aut$96493
=700  \\$aWidor, Charles-Marie$d1844-1937$1http://www.wikidata.org/entity/Q215161$4aut$918592
=700  \\$aJoubert, M. C.$4aut$96494
=942  \\$cBOO
=952  \\$00$10$2ddc$40$6KTS_1_000000000000000_C3_36_08F19$70$8RAR$92011$aORPH$bORPH$cKTS1_C3$d2020-07-08$eKoopman$l0$oKTS1 C3.36 08F19$p20146012$r2021-01-12 00:00:00$w2021-01-12$yBOO
=999  \\$d2011

