=LDR  01198acm a2200265   4500
=001  2014
=008  220610s1851\\\\|||||a||\||||\00|\0\ger\d
=041  \\$ager
=059  \\$a2fl 2ob cl1 cl2 2bsn 2tpt 4hrn 3tbn timp 2vn vla vc bc
=100  \\$aMendelssohn-Bartholdy, Felix$d1809-1847$1http://www.wikidata.org/entity/Q46096$94998
=240  \\$aop. 95
=245  \\$aOuverture zu Ruy Blas.$bFür grosses Orchester
=250  \\$a1st ed.
=260  \\$aLeipzig$bKistner$c1851
=300  \\$a64 pages
=500  \\$aComposed in 1839 for the homonymous play by Victor Hugo (1838)
=561  \\$aEx libris Kor Kuiler (stamp)
=600  \0$aHugo, Victor$d1802-1885$1http://www.wikidata.org/entity/Q535$921991
=648  \0$a19th Century (1801-1900)$1http://www.wikidata.org/entity/Q6955$920935
=650  \0$aOverture$1http://www.wikidata.org/entity/Q202287$921591
=650  \0$aPlay (theater)$1http://www.wikidata.org/entity/Q25379$921414
=651  \0$aGermany$1http://www.wikidata.org/entity/Q183$9155
=942  \\$cSCO
=952  \\$00$10$2ddc$40$6KTS_1_000000000000000_C3_35_08F22$70$8RAR$92014$aORPH$bORPH$cKTS1_C3$d2020-07-08$eKoopman$oKTS1 C3.35 08F22$p20146002$r2021-01-12 00:00:00$w2021-01-12$ySCO
=999  \\$d2014

