=LDR  02210aac a2200229   4500
=001  2015
=008  231113s18311832|||wr|p|\||||\00|\h\fre\d
=041  \\$afre
=100  \\$aBarthélemy, Marseille Auguste$d1796-1867$1http://www.wikidata.org/entity/Q766010$4aut$96498
=245  \\$aNémésis,$bSatire hebdomadaire$nvols. 1-52
=260  \\$aParis$bPerrotin$c1831-1832
=300  \\$a420-[iv] pages$bComplete set of 52 volumes in a binding of the period, continuous page numbers,  
=500  \\$aSeries of satirical poems.
=500  \\$aAuguste-Marseille Barthélemy (1796 – 23 August 1867), born at Marseilles, was a French satirical poet. His name can hardly be separated from that of his friend and compatriot, Joseph Méry (1798–1866), with whom he carried on so intimate a collaboration that it is not possible to distinguish their personalities in their joint works. 
[...]
In 1829 Barthélemy was imprisoned and fined 1000 francs for the publication of their Fils de l’homme, a poem on the Duke of Reichstadt, Napoleon's son. The July Revolution of 1830 liberated him; and in company with Méry, he celebrated the triumph of the people in one of their most brilliant efforts, L’Insurrection. From March 1831 to April 1832 they produced a series of verse satires issued weekly, the Némésis, attacking the government and ministers of Louis Philippe. The small pension of which Barthélemy was the recipient was stopped. When the publication ceased there was a strong suspicion that Barthélemy had been paid for his silence, although a collection of the satires went through several editions in the 1830s. 
=501  \\$aBound in with a 4 page pamphlet in a smaller size: Némésis Médicale, Recueil de Satires, par un Phocéen.
=650  \0$aHistory$1http://www.wikidata.org/entity/Q309$921403
=650  \0$aSatire$1http://www.wikidata.org/entity/Q128758$921636
=650  \0$aPoetry$1http://www.wikidata.org/entity/Q482$93026
=651  \0$aFrance$1http://www.wikidata.org/entity/Q142$9131
=942  \\$cBOO
=952  \\$00$10$2ddc$40$6KTS_1_000000000000000_C3_36_08F23$70$8RAR$92015$aORPH$bORPH$cKTS1_C3$d2020-07-08$eKoopman$l0$oKTS1 C3.36 08F23$p20146024$r2021-01-12 00:00:00$w2021-01-12$yBOO
=999  \\$d2015

