=LDR  05913aam a2201093   4500
=001  2019
=005  20251001162312.0
=008  220208s1774\\\\|||ag|||\||||\00|\0\ita\d
=041  \\$aita
=100  \\$aEximeno, Antonio$d1729-1808$4aut$1http://www.wikidata.org/entity/Q3619555$96499
=245  \\$aDell'origine e delle regole della musica$bcolla storia del suo progresso, decadenza, e rinnovazione
=250  \\$a1st ed.
=260  \\$aRome$bBarbiellini$c1774
=300  \\$a[x]-466 pages, 23 fold-out plates$bmusic
=500  \\$aCited in Koopman 1985, 133
=500  \\$aBound in with Eximeno's 'Dubbio … sopra il saggio fondamentale … del … padre … Martini' (1775)
=561  \\$aEx libris Carlo Grazioli, Prete dell'Oratorio in Lodi (ms on endpaper)
=590  \\$aOpera di D. Antonio Eximeno fra i Pastori Arcadi Aristosseno Megareo. Dedicata all'Augusta Real Principessa Maria Antonia Valburga di Baviera, Elettrice vedova di Sassonia, fra le Pastorelle Arcadi Ermelinda Talea
=610  \0$aJesuits$1http://www.wikidata.org/entity/Q36380$921140
=648  \0$a18th Century (1701-1800)$1http://www.wikidata.org/entity/Q7015$920899
=650  \0$aMusic history$1http://www.wikidata.org/entity/Q846047$921373
=650  \0$aMusic theory$1http://www.wikidata.org/entity/Q193544$92662
=650  \0$aMusic philosophy and aesthetics$1http://www.wikidata.org/entity/Q2092865$921165
=650  \0$aPlainchant$1http://www.wikidata.org/entity/Q2707688$921363
=650  \0$aCounterpoint$1http://www.wikidata.org/entity/Q186393$921487
=650  \0$a??$359, 380$020134274$928331
=650  \0$aafwisseling$3237$020134274$928514
=650  \0$aAllegri$3353, 355$020134274$928603
=650  \0$aallegro$345$020134274$928606
=650  \0$aappoggiatura$346$020134274$928737
=650  \0$aBach, J.Chr.$3450$020134274$928919
=650  \0$abezetting (voc.)$3443$020134274$929527
=650  \0$ablokfluit$359?, 380?$020134274$929645
=650  \0$abasso continuo$3239-244$020134274$929163
=650  \0$aBononcini$3439$020134274$929756
=650  \0$aBottrigari, E.$3336$020134274$929826
=650  \0$aBethizy$3211, 351$020134274$929504
=650  \0$amuziek en wiskunde$321-27, 27-37, 68-75$020134274$935008
=650  \0$amuziek in Oudheid$361-75, 136-144, 146-149, 152, 153, 155, 320-381, 440$020134274$935018
=650  \0$aNardini$3437$020134274$935147
=650  \0$acomponiste$3270, 271, taf.xiv$020134274$930632
=650  \0$acontrapunt$3wb, 272-316, 397-403, 433, 447, 460$020134274$930699
=650  \0$aCorelli, A.$3322, 266-269, 437, 438, 464, taf.xiii$020134274$930736
=650  \0$aD'Alembert$35, 86, 91, 96, 97, 98, 99-102$020134274$930888
=650  \0$aoud-nieuw$3273-275, 433, 434, 447$020134274$935651
=650  \0$aoude muziek vroeger$3273-275, 402, 433-440$020134274$935658
=650  \0$aDiderot$3428, 429$020134274$931062
=650  \0$adiminuties$3444, 445$020134274$931087
=650  \0$adirigeren$3137, 138, 139, 448$020134274$931094
=650  \0$aPergolesi$3232, 263-266, 275, 297, 314, 397, 439, 443, 460, taf.xii$020134274$935854
=650  \0$aPeri$3440$020134274$935858
=650  \0$adulciaan$3451$020134274$931287
=650  \0$aemoties$358, 105, 440$020134274$931445
=650  \0$aenharmonisch$3225$020134274$931478
=650  \0$aEuler$35, 6, 21, 29, 61, 75-84, 349, tav.xxiii$020134274$931547
=650  \0$aFarinelli$3443$020134274$931610
=650  \0$aPugnani$3437$020134274$936259
=650  \0$aFrans-Italiaans$3408-414, 422, 438, 439, 447, 448-452, 454, 460, 461$020134274$931874
=650  \0$aGalilei, V.$3335$020134274$931982
=650  \0$aTartini$32, 5, 21, 30, 61, 84-90, 91, 240, 437$020134274$936748
=650  \0$ateach yourself$3453$020134274$936767
=650  \0$atempo$343-46, 47, 137-143, 396, 397$020134274$936814
=650  \0$agitaar$3451$020134274$932207
=650  \0$aGoldoni$3429, 430$020134274$932265
=650  \0$aHasse$3450$020134274$932603
=650  \0$aVinci, L. $3460$020134274$937560
=650  \0$aviool$3380, 437$020134274$937605
=650  \0$aVossius, G.$3136, 148$020134274$937783
=650  \0$aItaliaanse invloed in Europa$3411, 446, 447-452, 458$020134274$933145
=650  \0$aJomelli, N.$34, 275, 456$020134274$933232
=650  \0$aJosquin$3273$020134274$933255
=650  \0$akerktoonsoorten$347-50, 170, taf.xxiii$020134274$933376
=650  \0$aKircher, A.$31, 386$020134274$933414
=650  \0$aZarlino$3246, 247, 365, 433, 440, 461, 462$020134274$938113
=650  \0$aklavecimbel_Italie 18e eeuw$361, 403$020134274$933495
=650  \0$aRameau, J.P.$35, 6, 30, 55, 61, 91-102, 147, 180, 225, 226, 461, 464$020134274$938224
=650  \0$arecitatief$3153, 154$020134274$938285
=650  \0$akwint/oktaafparallellen$312, 183, 184, 215, 238, 256$020134274$933824
=650  \0$aRousseau, J.J.$3149, 387, 393$020134274$938595
=650  \0$alargo$345$020134274$933911
=650  \0$aLolli$3437$020134274$934191
=650  \0$aLully$3438, 439, 448$020134274$934271
=650  \0$aMaffei, S.$3353, 354, 359, 395, 444, 456$020134274$934358
=650  \0$aslagwerk$3380$020134274$939152
=650  \0$aMarcello, B.$3181, 314, 439, 460$020134274$934447
=650  \0$aMartini, Padre$3185, 336, 348-352, 391-395$020134274$934501
=650  \0$aMetastasio$3353, 355, 421, 439, 442, 443, 456, 467$020134274$934709
=650  \0$amusica ficta$3249$020134274$934970
=651  \0$aRome (Italy)$1http://www.wikidata.org/entity/Q220$949
=856  \\$uhttps://reader.digitale-sammlungen.de/de/fs1/object/display/bsb10527164_00007.html$3Bavarian State Library
=856  \\$uhttps://api.digitale-sammlungen.de/iiif/presentation/v2/bsb10527164/manifest$3IIIF manifest
=942  \\$cBOO
=952  \\$00$10$2ddc$40$6KTS_1_000000000000000_C3_36_08F26A$70$8RAR$92019$aORPH$bORPH$cKTS1_C3$d2020-07-08$eKoopman$oKTS1 C3.36 08F26a$p20134274$r2021-01-12 00:00:00$w2021-01-12$yBOO
=999  \\$d2019

