=LDR  04864    a2200889   4500
=001  2020
=008  220208s1775\\\\||||||||\||||\00|\0\ita\d
=041  \\$aita
=100  \\$aEximeno, Antonio$d1729-1808$4aut$1http://www.wikidata.org/entity/Q3619555$96499
=245  \\$aDubbio di D. Antonio Eximeno sopra il saggio fondamentale pratico di contrappunto del reverendissimo padre Maestro Giambattista Martini
=260  \\$aRome$bBarbiellini$c1775
=300  \\$aviii-120 pages
=500  \\$aAttack on Padre Martini, who believed that counterpoint should be based on cantus firmi.
=500  \\$aBound in with Eximeno's 'Dell'origine e delle regole della musica', which is mentioned on the title-page: “Si vende nella Librerìa di Michelangelo Barbiellini incontro la porticella della Minerva, come ancora l'Opera Intitolata dell'Origine, e delle Regole della Musica."
=600  \0$aMartini, Giovanni Battista$d1706-1784$1http://www.wikidata.org/entity/Q283651$95397
=610  \0$aJesuits$1http://www.wikidata.org/entity/Q36380$921140
=648  \0$a18th Century (1701-1800)$1http://www.wikidata.org/entity/Q7015$920899
=650  \0$aMusic theory$1http://www.wikidata.org/entity/Q193544$92662
=650  \0$aCounterpoint$1http://www.wikidata.org/entity/Q186393$921487
=650  \0$aCantus firmus$1http://www.wikidata.org/entity/Q938118$922600
=651  \0$aRome (Italy)$1http://www.wikidata.org/entity/Q220$949
=653  \0$aa =$394$020134274b$w08F26b$928388
=653  \0$abezetting (voc.)$330$020134274b$w08F26b$929527
=653  \0$abasso continuo$3119$020134274b$w08F26b$929163
=653  \0$aBottrigari, E.$356$020134274b$w08F26b$929826
=653  \0$amuziek in Oudheid$346-$020134274b$w08F26b$935018
=653  \0$aColonna, G.P.$333$020134274b$w08F26b$930603
=653  \0$acontrabas$356$020134274b$w08F26b$930692
=653  \0$acontrapunt$3wb$020134274b$w08F26b$930699
=653  \0$aorgel in eredienst$328$020134274b$w08F26b$935479
=653  \0$aPalestrina$316, 27$020134274b$w08F26b$935723
=653  \0$aDoni$389$020134274b$w08F26b$931141
=653  \0$aPergolesi$323, 25-30, 107, 108, 119$020134274b$w08F26b$935854
=653  \0$aPerti, G.$3119$020134274b$w08F26b$935870
=653  \0$aemoties$330$020134274b$w08F26b$931445
=653  \0$aFux$310$020134274b$w08F26b$931954
=653  \0$aGaffurius$349$020134274b$w08F26b$931966
=653  \0$aGalilei, V.$3102$020134274b$w08F26b$931982
=653  \0$aTartini$319, 80$020134274b$w08F26b$936748
=653  \0$atemperatuur$369, 70, 71, 73, 74, 75-80, 83, 88, 97, 117$020134274b$w08F26b$936807
=653  \0$atempo$329$020134274b$w08F26b$936814
=653  \0$agitaar$398, 99$020134274b$w08F26b$932207
=653  \0$aGluck$3108$020134274b$w08F26b$932235
=653  \0$agoût$3119$020134274b$w08F26b$932303
=653  \0$atritonus$338-41$020134274b$w08F26b$937178
=653  \0$aHasse$3108$020134274b$w08F26b$932603
=653  \0$aVinci, L. $3108$020134274b$w08F26b$937560
=653  \0$aJomelli, N.$329, 108$020134274b$w08F26b$933232
=653  \0$aJosquin$327$020134274b$w08F26b$933255
=653  \0$akerkstijl - theaterstijl$323, 26, 27, 28, 29, 30$020134274b$w08F26b$933374
=653  \0$awonderkind$3107$020134274b$w08F26b$938047
=653  \0$aZacconi$311$020134274b$w08F26b$938068
=653  \0$azangeres in kerk$330?$020134274b$w08F26b$938090
=653  \0$aZarlino$311, 38, 39, 73, 87, 88$020134274b$w08F26b$938113
=653  \0$aRameau, J.P.$379$020134274b$w08F26b$938224
=653  \0$akwint/oktaafparallellen$332, 33, 34, 41$020134274b$w08F26b$933824
=653  \0$aRousseau, J.J.$388$020134274b$w08F26b$938595
=653  \0$aRue, P. de la$327$020134274b$w08F26b$938626
=653  \0$aSauveur$380$020134274b$w08F26b$938774
=653  \0$aluit$356$020134274b$w08F26b$934262
=653  \0$aMaffei, S.$323, 49$020134274b$w08F26b$934358
=653  \0$aManfredini$3119$020134274b$w08F26b$934428
=653  \0$aMartini, Padre$3wb$020134274b$w08F26b$934501
=653  \0$aMeibomius$350, 54, 55, 56, 115$020134274b$w08F26b$934613
=653  \0$amenuet$323$020134274b$w08F26b$934673
=653  \0$aMersenne$350, 79$020134274b$w08F26b$934691
=653  \0$aMetastasio$329$020134274b$w08F26b$934709
=653  \0$aMorales$327$020134274b$w08F26b$934863
=653  \\$aBasili, A.$3107$929138$020134274b$w08F26b
=653  \\$aL'homme armé$327, 28, 29$933830$020134274b$w08F26b
=653  \\$aLiberati, A.$333, 34$934086$020134274b$w08F26b
=653  \\$aVittoria, da$333, 34$937650$020134274b$w08F26b
=856  \\$uhttps://www.loc.gov/item/06008814/$3Library of Congress
=856  \\$uhttps://www.loc.gov/item/06008814/manifest.json$3IIIF manifest
=942  \\$cBOO
=952  \\$00$10$2ddc$40$6KTS_1_000000000000000_C3_36_08F26B$70$8RAR$92020$aORPH$bORPH$cKTS1_C3$d2020-07-08$eKoopman$oKTS1 C3.36 08F26b$p20134274b$r2021-01-12 00:00:00$w2021-01-12$yBOO
=999  \\$d2020

