=LDR  05972aam a2201189   4500
=001  2021
=005  20251029143751.0
=008  231114s1769\\\\||||||||\||||\00|\0\fre\d
=041  \\$afre
=100  1\$aDard, Antoine$d1715-1784$1http://www.wikidata.org/entity/Q520055$4aut$96500
=245  \\$aOrigine et progression de la musique
=250  \\$a1st ed.
=260  \\$aParis$bQuillau$c1769
=300  \\$a49-[1] pages
=501  \\$abound in with Dard's 'Nouveau principes de musique' (1769)
=648  \0$a18th Century (1701-1800)$1http://www.wikidata.org/entity/Q7015$920899
=650  \0$aMusic history$1http://www.wikidata.org/entity/Q846047$921373
=650  \0$aCatalogue$1http://www.wikidata.org/entity/Q2352616$921484
=650  \0$aMusic criticism$1http://www.wikidata.org/entity/Q11748889$921598
=651  \0$aParis (France)$1http://www.wikidata.org/entity/Q90$9160
=653  \0$aBach, ?$310$020146004b$w08F27b$928899
=653  \0$aBarre, De la$334, 35$020146004b$w08F27b$929100
=653  \0$abasse fondamentale$327$020146004b$w08F27b$929156
=653  \0$aBatistin$336, 39$020146004b$w08F27b$929215
=653  \0$aBoismortier$342, 43, 45$020146004b$w08F27b$929736
=653  \0$aBourgeois$337, 38$020146004b$w08F27b$929839
=653  \0$aBertin$336, 37, 38, 39$020146004b$w08F27b$929476
=653  \0$aBertoni$346, 48, 49?$020146004b$w08F27b$929481
=653  \0$aCambert$317, 18, 25, 29$020146004b$w08F27b$930147
=653  \0$aCampra$333, 34, 35, 36, 37, 38, 39, 42$020146004b$w08F27b$930172
=653  \0$amuziek in Middeleeuwen$310-15, 21, 22$020146004b$w08F27b$935016
=653  \0$amuziek in Oudheid$31-9$020146004b$w08F27b$935018
=653  \0$achronologie van franse opera$329-end$020146004b$w08F27b$930466
=653  \0$aColasse$331, 32, 33, 36$020146004b$w08F27b$930577
=653  \0$aColin de Blamont$339, 41, 42, 43$020146004b$w08F27b$930584
=653  \0$aNivers$310$020146004b$w08F27b$935253
=653  \0$aCorelli$310$020146004b$w08F27b$930735
=653  \0$aDauvergne$346, 47, 48, 49$020146004b$w08F27b$930955
=653  \0$aDelalande$339$020146004b$w08F27b$930991
=653  \0$aDesmarets$332, 33, 34, 35, 39$020146004b$w08F27b$931029
=653  \0$aDestouches$333, 34, 35, 36, 37, 38, 39, 40$020146004b$w08F27b$931036
=653  \0$aPergolesi$310$020146004b$w08F27b$935854
=653  \0$aPhilidor$349$020146004b$w08F27b$935921
=653  \0$aDurante$310$020146004b$w08F27b$931319
=653  \0$aemoties$325$020146004b$w08F27b$931445
=653  \0$aenharmoniek$36$020146004b$w08F27b$931476
=653  \0$aStamitz$310$020146004b$w08F27b$936501
=653  \0$aFrancoeur$340, 42, 43, 44, 45, 46, 47, 48$020146004b$w08F27b$931855
=653  \0$aFrans-Italiaans$327$020146004b$w08F27b$931874
=653  \0$aGaluppi$310$020146004b$w08F27b$931992
=653  \0$aTartini$310$020146004b$w08F27b$936748
=653  \0$aGeminiani$310$020146004b$w08F27b$932109
=653  \0$aGervais$333, 38, 39$020146004b$w08F27b$932140
=653  \0$aTrial$348$020146004b$w08F27b$937103
=653  \0$aHändel, G.F._na dood$310$020146004b$w08F27b$932543
=653  \0$aVivaldi$310$020146004b$w08F27b$937654
=653  \0$aItaliaanse invloed in Frankrijk$317$020146004b$w08F27b$933147
=653  \0$aJommelli$310$020146004b$w08F27b$933233
=653  \0$aZarlino$310$020146004b$w08F27b$938113
=653  \0$aRameau, J.P.$310, 18, 23-28, 41, 42, 43, 44, 45, 46, 47, 48$020146004b$w08F27b$938224
=653  \0$aRebel$335, 40, 42, 43, 44, 45, 46, 47$020146004b$w08F27b$938271
=653  \0$aRousseau, J.J.$346$020146004b$w08F27b$938595
=653  \0$aRoyer$340, 43$020146004b$w08F27b$938607
=653  \0$aLeclair$344$020146004b$w08F27b$933971
=653  \0$aSalomon$337, 38$020146004b$w08F27b$938717
=653  \0$aLocatelli$310$020146004b$w08F27b$934167
=653  \0$aLully - Rameau$3tp, 10, 18, 23-28$020146004b$w08F27b$934272
=653  \0$aLully, J.B.$310, 18, 23-28, 29-33$020146004b$w08F27b$934276
=653  \0$aSermisy, C. de $316$020146004b$w08F27b$939066
=653  \0$aMarais, M.$332, 33, 36$020146004b$w08F27b$934441
=653  \0$aMatho$337$020146004b$w08F27b$934525
=653  \0$aMersenne$323$020146004b$w08F27b$934691
=653  \0$aMondonville$343, 45, 46, 47, 49$020146004b$w08F27b$934813
=653  \0$aMonsigny$349$020146004b$w08F27b$934830
=653  \0$aMontéclair$338, 41$020146004b$w08F27b$934846
=653  \0$aMouret$338, 39, 40, 41, 42$020146004b$w08F27b$934915
=653  \\$aBaif, J.A. $315, 16$929028$020146004b$w08F27b
=653  \\$aBassac$345$929142$020146004b$w08F27b
=653  \\$aBouvard$335, 36$929852$020146004b$w08F27b
=653  \\$aBury$344, 46, 48$930064$020146004b$w08F27b
=653  \\$acomponiste$332, 42$930632$020146004b$w08F27b
=653  \\$aD'Aubert$339$930893$020146004b$w08F27b
=653  \\$aD'Herbin$347$930896$020146004b$w08F27b
=653  \\$aD'Iso$347$930897$020146004b$w08F27b
=653  \\$aDuval$342$931337$020146004b$w08F27b
=653  \\$aFuselier$340$931953$020146004b$w08F27b
=653  \\$aGireaud$346, 48$932203$020146004b$w08F27b
=653  \\$aGrenet$342$932380$020146004b$w08F27b
=653  \\$aGuerre, E. de la$332$932467$020146004b$w08F27b
=653  \\$aGuignon$317$932477$020146004b$w08F27b
=653  \\$aLacoste$333, 36, 37, 40, 41$933848$020146004b$w08F27b
=653  \\$aLagarde$346$933853$020146004b$w08F27b
=653  \\$aLully, L.$310, 18, 23-28, 29-33$934280$020146004b$w08F27b
=653  \\$aMion$343, 44$934774$020146004b$w08F27b
=653  \\$aNiel$342, 44$935235$020146004b$w08F27b
=653  \\$aPlessis$341$936027$020146004b$w08F27b
=653  \\$aThéobalde$332, 34$936892$020146004b$w08F27b
=653  \\$aToeschi$310$936973$020146004b$w08F27b
=653  \\$aVilleneuve$340$95624$020146004b$w08F27b
=942  \\$cBOO
=952  \\$00$10$2ddc$40$6KTS_1_000000000000000_C3_35_08F27B$70$8RAR$92021$aORPH$bORPH$cKTS1_C3$d2020-07-08$eKoopman$l0$oKTS1 C3.35 08F27b$p20146004b$r2021-01-12 00:00:00$w2021-01-12$yBOO
=999  \\$d2021

