=LDR  01316acm a2200277   4500
=001  2023
=008  231114b\\\\\\\\|||||k||\||||\00|\0\fre\d
=041  \\$afre$hger
=059  \\$av pf
=100  \\$aWeber, Carl Maria von$d1786-1826$4cmp$1http://www.wikidata.org/entity/Q154812$915418
=245  \\$aRobin des bois.$bOpéra réduit pour piano et chant
=260  \\$aParis$bAulagnier$c1832-44
=300  \\$a[i]-120 pages$btitle page in blue ink
=500  \\$aContains editor's stamp
=534  \\$aOriginally 'Der Freischütz', premiered in 18 June 1821
=561  \\$aEx libris R. Jeanne (manuscript), supralibros G. I.
=563  \\$ared leather binding with embossed golden ornamentations
=648  \0$a19th Century (1801-1900)$1http://www.wikidata.org/entity/Q6955$920935
=650  \0$aOpera$1http://www.wikidata.org/entity/Q1344 $92468
=650  \0$aArrangement$1http://www.wikidata.org/entity/Q379755$94282
=651  \0$aParis (France)$1http://www.wikidata.org/entity/Q90$9160
=700  \\$aCastil-Blaze$d1784-1857$1http://www.wikidata.org/entity/Q294142$4edt$4trl$95547
=765  \\$aDer Freischütz
=942  \\$cSCO
=952  \\$00$10$2ddc$40$6KTS_1_000000000000000_C3_35_08F28$70$8RAR$92023$aORPH$bORPH$cKTS1_C3$d2020-07-08$eKoopman$l0$oKTS1 C3.35 08F28$p20146003$r2021-01-12 00:00:00$w2021-01-12$ySCO
=999  \\$d2023

