=LDR  01289aaa a2200229   4500
=001  2026
=008  231114s1715\\\\||||||||\v|||\00|\0\fre\d
=041  \\$afre
=100  \\$aPetit, B.$926674
=245  \\$aResomption du proces de la damoiselle Antoinette de Wintre [...] contre le Sieur Jean de Waele
=260  \\$aGhent$bPreud'homme$c1715
=300  \\$a27 pages$bmodern binding in 18th c style
=500  \\$aA report of a particular legal aspect of a court case that took place in 1708.
=500  \\$aThis set of 28 pages has been part of a book, besides the printed page numbers there are ms page numbers  139-152. At the top of most pages is written 'livre de credit', which seems to be the main subject of the legal case described here. MS of page numbers and subject is 18th c. 
=648  \0$a18th Century (1701-1800)$1http://www.wikidata.org/entity/Q7015$920899
=650  \0$aLaw$1http://www.wikidata.org/entity/Q7748$93727
=651  \0$aBelgium$1http://www.wikidata.org/entity/Q31$920881
=700  \\$aWintre, Antoinette de$4asn$96504
=700  \\$aWaele, Jean de$4asn$96505
=942  \\$cBOO
=952  \\$00$10$2ddc$40$6KTS_1_000000000000000_C3_36_08F31$70$8RAR$92026$aORPH$bORPH$cKTS1_C3$d2020-07-08$eKoopman$l0$oKTS1 C3.36 08F31$p20146029$r2021-01-12 00:00:00$w2021-01-12$yBOO
=999  \\$d2026

