=LDR  01337adm a2200289   4500
=001  2028
=008  210402s1828\\\\\\\||ld||||||\00|\0\lat\d
=041  \\$alat
=059  \\$aS A T B SATB 2ob 2tpt timp 2vn bc
=100  \\$aMozart, Wolfgang Amadeus$d1756-1791$4cmp$1http://www.wikidata.org/entity/Q254$95341
=240  \\$aMissa in C Major, KV 317
=245  \\$aMissa ex C
=260  \\$as.l.$bHofbauer$c1828
=300  \\$a249 pages
=500  \\$aVocal and instrumental parts
=533  \\$aDigitized by iGuana, Spring 2022
=534  \\$aMozart's 'Krönungsmesse' is composed in 1779
=590  \\$aAuthore Mozart
=648  \0$a18th Century (1701-1800)$1http://www.wikidata.org/entity/Q7015$920899
=648  \0$a19th Century (1801-1900)$1http://www.wikidata.org/entity/Q6955$920935
=650  \0$aMass$1http://www.wikidata.org/entity/Q217295$92735
=700  \\$4mcp$aHofbauer$dfl. 1828$924643
=856  \\$uhttps://uv-v4.netlify.app/#?manifest=https://sharedcanvas.be/IIIF/manifests/d8bc77c2-49a2-11ed-84f2-9c0a7476c765$3IIIF
=856  \\$uhttps://sharedcanvas.be/IIIF/manifests/d8bc77c2-49a2-11ed-84f2-9c0a7476c765$3IIIF manifest
=942  \\$cMS
=952  \\$00$10$2ddc$40$6KTS_1_000000000000000_C3_36_08F34$70$8RAR$92028$aORPH$bORPH$cKTS1_C3$d2020-07-08$eKoopman$oKTS1 C3.36 08F34$p20136210$r2021-01-12 00:00:00$w2021-01-12$yMS
=999  \\$d2028

