=LDR  02308acc a2200325   4500
=001  2029
=008  231115s17511752|||||l||\||||\00|\0\dut\d
=041  \\$adut
=059  \\$av bc
=100  \\$aMahaut, Antoine$4cmp$96506
=245  \\$aMaendelijks Musikaels Tydverdryf, $bbestaende in Nieuw Hollandsche canzonetten of zang-liederen op d'Italiaensche trant in 't musiek gebragt$pOctober 1751-June 1752
=246  \1$aMaendelijks Musikaels Tijdverdrijf
=260  \\$aAmsterdam$bOlofsen$c1751$c1752
=300  \\$a9 vols. in 1 (12+12+12+12+12+12+12+12+12-[i] pages)$beach issue has the same engraved titlepage, in period binding with paper covers and read leather spine
=500  \\$aOctober 1751-June 1752 
=500  \\$aNine issues of this monthly musical magazine. The music and text are fully engraved. Each issue contains 12 pages of songs, most songs are one page only, printed in score (voice and figured bass) with extra verses below. There are a few duets, and a few songs that occupy more than 1 page. The songs are secular, mainly about love, nature, etc.  
=500  \\$aAntoine Mahaut (c. 1720-c. 1785) was a Wallonian musician who lived in Amsterdam for a while
=504  \\$awith an index of songs of these 9 volumes in the back
=561  \\$athere is a typed index card inserted, with information on this volume in English, probably by a British bookseller
=590  \\$amet een Basso Continuo. meede zeer bekwaem om op de Clave-Cimbael, Viool, Dwars-fluit, Hoboe en andere instrumenten gespeelt te wordne, gecomponeerd door A: Mahaut, en in Digtmaat door K. Elzevier.
=648  \0$a18th Century (1701-1800)$1http://www.wikidata.org/entity/Q7015$920899
=650  \0$aSong$1http://www.wikidata.org/entity/Q7366$94164
=650  \0$aPeriodical$1http://www.wikidata.org/entity/Q1002697$921106
=650  \0$aDomestic music-making$926204
=651  \0$aNetherlands$1http://www.wikidata.org/entity/Q55$9173
=700  \\$aElsevier, Kornelis$4lyr$96507
=856  \\$uhttps://imslp.org/wiki/Maendelyks_musikaels_tydverdryf_(Mahaut%2C_Antoine)$3International Music Score Library Project
=942  \\$cSCO
=952  \\$00$10$2ddc$40$6KTS_1_000000000000000_C3_36_08F35$70$8RAR$92029$aORPH$bORPH$cKTS1_C3$d2020-07-08$eKoopman$l0$oKTS1 C3.36 08F35$p20146033$r2021-01-12 00:00:00$w2021-01-12$ySCO
=999  \\$d2029

