=LDR  01498aca a2200301   4500
=001  2032
=005  20250926135308.0
=008  210818s1776\\\\\\\||le|\||||\00|\0\ger\d
=041  \\$ager
=059  \\$avn vc hpd
=100  \\$aBach, Carl Philipp Emanuel$d1714-1788$4cmp$1http://www.wikidata.org/entity/Q76428$99218
=240  \\$aWq. 90
=245  \\$aClaviersonaten mit einer Violine und einem Violoncell zur Begleitung$nErste Sammlung
=260  \\$aLeipzig$bBach$c1776
=300  \\$a8-8-30-[4] pages$coblong
=500  \\$aInstrumental parts, bound in
=504  \\$aIncludes list of subscribers (Verzeichniß der Pränumeranten) after the three parts
=563  \\$aModern binding and restoration by Cor Knops
=648  \0$a18th Century (1701-1800)$1http://www.wikidata.org/entity/Q7015$920899
=650  \0$aSonata$1http://www.wikidata.org/entity/Q131269$921653
=650  \0$aChamber music$1http://www.wikidata.org/entity/Q189201$92105
=650  \0$aTrio$1http://www.wikidata.org/entity/Q281643$921327
=650  \0$aKeyboard instrument$1http://www.wikidata.org/entity/Q52954$92849
=651  \0$aGermany$1http://www.wikidata.org/entity/Q183$9155
=856  \\$uhttps://imslp.org/wiki/3_Keyboard_Trios%2C_Wq.90_(Bach%2C_Carl_Philipp_Emanuel)$3International Music Score Library Project
=942  \\$cSCO
=952  \\$00$10$2ddc$40$6KTS_1_000000000000000_C3_37_08F38$70$8RAR$92032$aORPH$bORPH$cKTS1_C3$d2020-07-08$eKoopman$l0$oKTS1 C3.37 08F38$p20134277$r2021-01-12 00:00:00$w2021-01-12$ySCO
=999  \\$d2032

