=LDR  01492aca a2200301   4500
=001  2037
=005  20251031163237.0
=008  210818s1783\\\\|||||l||\||||\00|\0\ger\d
=041  \\$ager
=059  \\$apf
=100  \\$aBach, Carl Philipp Emanuel$d1714-1788$4cmp$1http://www.wikidata.org/entity/Q76428$99218
=240  \\$aWq. 58
=245  \\$aClavier-sonaten und freye Fantasien nebst einigen Rondos fürs Fortepiano$bfür Kenner und Liebhaber$nVierte Sammlung
=250  \\$a1st ed.
=260  \\$aLeipzig$bBach$c1783
=300  \\$a35-[3] pages$coblong
=500  \\$aLacks dedication
=504  \\$aIncludes list of subscribers (Verzeichniß der Pränumeranten) at the back
=648  \0$a18th Century (1701-1800)$1http://www.wikidata.org/entity/Q7015$920899
=650  \0$aKeyboard music$1http://www.wikidata.org/entity/Q105715630$921412
=650  \0$aPiano$1http://www.wikidata.org/entity/Q5994$92127
=650  \0$aSonata$1http://www.wikidata.org/entity/Q131269$921653
=650  \0$aRondo$1http://www.wikidata.org/entity/Q13323$924049
=651  \0$aGermany$1http://www.wikidata.org/entity/Q183$9155
=856  \\$uhttps://imslp.org/wiki/Clavier-Sonaten_f%C3%BCr_Kenner_und_Liebhaber%2C_Wq.55-59%2C_61_(Bach%2C_Carl_Philipp_Emanuel)$3International Music Score Library Project
=942  \\$cSCO
=952  \\$00$10$2ddc$40$6KTS_1_000000000000000_C3_37_08F43D$70$8RAR$92037$aORPH$bORPH$cKTS1_C3$d2020-07-08$eKoopman$l0$oKTS1 C3.37 08F43d$p20139198$r2021-01-12 00:00:00$w2021-01-12$ySCO
=999  \\$d2037

