=LDR  01951    a2200349   4500
=001  2039
=005  20250923161049.0
=008  220915s1853\\\\|||||l||\||||\00|\0\dut\d
=041  \\$adut
=059  \\$aorg
=059  \\$aSATB
=100  \\$aEijken, J. A. van$d1823-1868$1http://www.wikidata.org/entity/Q6148454$4cmp$96517
=245  \\$aDe melodien der psalmen en lofzangen in gebruik bij de Hervormde, Waalsche, Remonstrantsche en Doopsgezinde Gemeenten,$bvierstemmig bewerkt voor orgel of koor met voor-, tusschen- en naspelen
=260  \\$aAmsterdam$bTheune$c1853
=300  \\$a[i]-149 pages$bred modern binding
=500  \\$aJohan Albert van Eijken was a Dutch organist and composer, his father (Gerrit) and brother (Gerrit Jan) were organists too. 
Johan Albert worked in the Netherlands as well as in Germany. 
=500  \\$aWith a dedication to the father of the composer. 
=500  \\$aIncludes an extentive preface by the composer with practical tips for the church organist. 
=648  \0$a19th Century (1801-1900)$1http://www.wikidata.org/entity/Q6955$920935
=650  \0$aPsalm$1http://www.wikidata.org/entity/Q12497663$92164
=650  \0$aProtestantism$1http://www.wikidata.org/entity/Q23540$921012
=650  \0$aChorale$1http://www.wikidata.org/entity/Q724473$921334
=650  \0$aChurch music$1http://www.wikidata.org/entity/Q8812109$92283
=650  \0$aPrelude$1http://www.wikidata.org/entity/Q212148$921947
=650  \0$aInterlude$1http://www.wikidata.org/entity/Q1413319$924964
=651  \0$aNetherlands$1http://www.wikidata.org/entity/Q55$9173
=653  \0$aboekprijs$3tp$020146035$w08F44$929701
=653  \0$aorgelregistratie$3vw, wb$020146035$w08F44$935575
=942  \\$cSCO
=952  \\$00$10$2ddc$40$6KTS_1_000000000000000_C3_37_08F44$70$8RAR$92039$aORPH$bORPH$cKTS1_C3$d2020-07-08$eKoopman$l0$oKTS1 C3.37 08F44$p20146035$r2021-01-12 00:00:00$w2021-01-12$ySCO
=999  \\$d2039
=533  \\$aDigitized by iGuana, Spring 2025.

