=LDR  01122    a2200265   4500
=001  2044
=008  230329s1887\\\\|||||l||\||||\00|\0\mul\d
=041  \\$afre
=041  \\$ager
=059  \\$av kbd
=100  \\$aRighini, Vincenzo$d1756-1812$4aut$1http://www.wikidata.org/entity/Q1348369$96521
=245  \\$aExercices pour se perfectionner dans l'art du chant / Übungen um sich in der Kunst des Gesanges zu vervollkomnen Op. 10
=260  \\$aLeipzig$bPeters$c1887
=300  \\$a43 pages$boblong
=490  \\$aBureau de musique
=500  \\$aComposed 1804
=500  \\$aSee also 08G02
=648  \0$a19th Century (1801-1900)$1http://www.wikidata.org/entity/Q6955$920935
=650  \0$aMethod$1http://www.wikidata.org/entity/Q2250960$921402
=650  \0$aSinging$1http://www.wikidata.org/entity/Q27939$92767
=653  \0$aboekprijs$3tp$020140347$w08G03$929701
=653  \\$avocalises$3wb$937680$020140347$w08G03
=942  \\$cBOO
=952  \\$00$10$2ddc$40$6KTS_1_000000000000000_C3_02_08G03$70$8RAR$92044$aORPH$bORPH$cKTS1_C3$d2020-07-08$eKoopman$l0$oKTS1 C3.02 08G03$p20140347$r2021-01-12 00:00:00$w2021-01-12$ySCO
=999  \\$d2044

