=LDR  01378atm a2200277   4500
=001  2048
=008  210415n\\\\\\\\\\\g|||||||||\00|\0\ita\d
=041  \\$aita
=059  \\$akbd
=100  \\$aDurante, Francesco$d1684-1755$4aut$4cmp$1http://www.wikidata.org/entity/Q314221$96215
=245  \\$aRegole per cembalo
=260  \\$as.l.$c17xx
=300  \\$a15 pages
=533  \\$aDigitized by iGuana, Spring 2022
=534  \\$aOriginally entitled 'Regole per ben sonare il cembalo' (c. 1715)
=648  \0$a18th Century (1701-1800)$1http://www.wikidata.org/entity/Q7015$920899
=650  \0$aMethod$1http://www.wikidata.org/entity/Q2250960$921402
=650  \0$aHarpsichord$1http://www.wikidata.org/entity/Q81982$92125
=650  \0$aBasso continuo$1http://www.wikidata.org/entity/Q724321$921065
=650  \0$aPartimento$1http://www.wikidata.org/entity/Q2054960$921242
=651  \0$aNaples (Italy)$1http://www.wikidata.org/entity/Q2634$921
=856  \\$uhttps://uv-v4.netlify.app/#?manifest=https://sharedcanvas.be/IIIF/manifests/15a595e0-497d-11ed-8eb8-8ecad0e8b32d$3IIIF
=856  \\$uhttps://sharedcanvas.be/IIIF/manifests/15a595e0-497d-11ed-8eb8-8ecad0e8b32d$3IIIF manifest
=942  \\$cMS
=952  \\$00$10$2ddc$40$6KTS_1_000000000000000_C3_02_08G06$70$8RAR$92048$aORPH$bORPH$cKTS1_C3$d2020-07-08$eKoopman$oKTS1 C3.02 08G06$p20136247$r2021-01-12 00:00:00$w2021-01-12$yMS
=999  \\$d2048

