=LDR  01522adm a2200289   4500
=001  2050
=008  210415b\\\\\\\\\\\||l|||||||\00|\0\dut\d
=041  \\$adut$ager
=059  \\$aT pf
=100  \\$aRomberg, Andreas$d1767-1821$4cmp$1http://www.wikidata.org/entity/Q213904$96130
=245  \\$aVerlangen
=246  \1$aSehnsucht
=260  \\$as.l.$cs.d.
=300  \\$a10 pages
=501  \\$aBound in with 'Adolf bij het graf van Maria. Ballade', 'Cavatina. Aus der Oper der Freischütz', and 'Romance La Fiancée mourante'
=533  \\$aDigitized by iGuana, Spring 2022
=600  \0$aVrugt, Willem Pasques de Chavonnes$d1798-1873$1http://www.wikidata.org/entity/Q15884027$921239
=648  \0$a19th Century (1801-1900)$1http://www.wikidata.org/entity/Q6955$920935
=650  \0$aSong$1http://www.wikidata.org/entity/Q7366$94164
=651  \0$aNetherlands$1http://www.wikidata.org/entity/Q55$9173
=700  \\$4aut$aSchiller, Friedrich$d1759-1805$1http://www.wikidata.org/entity/Q22670$96525
=773  \\$019963$t[Collection of various songs sung by W. P. de C. Vrugt]$w19963
=856  \\$uhttps://uv-v4.netlify.app/#?manifest=https://sharedcanvas.be/IIIF/manifests/68a5c9bc-4a3f-11ed-bca1-88bfee01270f$3IIIF
=856  \\$uhttps://sharedcanvas.be/IIIF/manifests/68a5c9bc-4a3f-11ed-bca1-88bfee01270f$3IIIF manifest
=942  \\$cMS
=952  \\$00$10$2ddc$40$6KTS_1_000000000000000_C3_02_08G07A$70$8RAR$92050$aORPH$bORPH$cKTS1_C3$d2020-07-08$eKoopman$oKTS1 C3.02 08G07a$p20136246a$r2021-01-12 00:00:00$w2021-01-12$yMS
=999  \\$d2050

