=LDR  01682adm a2200301   4500
=001  2052
=008  210415b\\\\\\\\\\\||ld||||||\00|\0\dut\d
=041  \\$adut
=059  \\$aT pf
=100  \\$aBree, Johannes Bernardus van$d1801-1857$4cmp$1http://www.wikidata.org/entity/Q1697249$96527
=245  \\$aAdolf bij het graf van Maria.$bBalade [sic]
=246  \1$aAdolf bij het graf van Maria.$bBallade
=260  \\$as.l.$c18xx
=300  \\$a8 pages
=501  \\$aBound in with 'Verlangen/Sehnsucht', 'Cavatina. Aus der Oper der Freischütz' and 'Romance La Fiancée mourante'

=533  \\$aDigitized by iGuana, Spring 2022
=590  \\$aBalade van H. J. Foppe/ Muzyk van J. B. van Bree. gezongen door W. P. de C. Vrugt, Hof en Kamer Zanger van Z: M: de Koning
=600  \0$aVrugt, Willem Pasques de Chavonnes$d1798-1873$1http://www.wikidata.org/entity/Q15884027$921239
=648  \0$a19th Century (1801-1900)$1http://www.wikidata.org/entity/Q6955$920935
=650  \0$aSong$1http://www.wikidata.org/entity/Q7366$94164
=651  \0$aNetherlands$1http://www.wikidata.org/entity/Q55$9173
=700  \\$4aut$aFoppe, Hendrikus Joannes$d1796-1836$96528
=773  \\$019963$t[Collection of various songs sung by W. P. de C. Vrugt]$w19963
=856  \\$uhttps://uv-v4.netlify.app/#?manifest=https://sharedcanvas.be/IIIF/manifests/15a5f2ba-497d-11ed-8eb8-c87c79caf055$3IIIF
=856  \\$uhttps://sharedcanvas.be/IIIF/manifests/15a5f2ba-497d-11ed-8eb8-c87c79caf055$3IIIF manifest
=942  \\$cMS
=952  \\$00$10$2ddc$40$6KTS_1_000000000000000_C3_02_08G07B$70$8RAR$92052$aORPH$bORPH$cKTS1_C3$d2020-07-08$eKoopman$l0$oKTS1 C3.02 08G07b$p20136246b$r2021-01-12 00:00:00$w2021-01-12$yMS
=999  \\$d2052

