=LDR  01808acm a2200289   4500
=001  2054
=008  230329s1810\\\\|||||l||\||||\00|\0\mul\d
=041  \\$ager$dita$dger
=059  \\$aB pf
=100  \\$aCimarosa, Domenico$d1749-1801$4cmp$1http://www.wikidata.org/entity/Q191775$95848
=240  \\$aIl maestro di cappella
=245  \\$aDer Kapellmeister. Ein burleskes Intermezzo für eine Basstimme mit Begleitung des Fortepiano
=260  \\$aLeipzig$bHoffmeister$c1810
=260  \\$aCopenhagen$bLose$cs.d.
=500  \\$aFirst known production in Berlin, 1793, but probably premiered between 1786 and 1792
=500  \\$aAn amusing monodrama for a bass-baritone, the opera portrays a pompous maestro rehearsing an orchestra, often imitating the sound of the instruments. 
=500  \\$aLibrettist of the Italian text, as well as the German translator, are unknown
=500  \\$athis edition is the only complete version of the work. For this reason, the versions heard today require completion and orchestration by an editor.
=504  \\$aMarco Brolli, "Il Maestro di Capella," in liner notes to the recording Haydn 2032. No. 4. Il Distratto by Giovanni Antonini and Il Giardino Armonico. Catalog number Alpha674. 
=648  \0$a18th Century (1701-1800)$1http://www.wikidata.org/entity/Q7015$920899
=648  \0$a19th Century (1801-1900)$1http://www.wikidata.org/entity/Q6955$920935
=650  \0$aOpera$1http://www.wikidata.org/entity/Q1344$92468
=650  \0$aMusic theater$1http://www.wikidata.org/entity/Q96394452$92065
=650  \0$aComedy$1http://www.wikidata.org/entity/Q40831$921436
=942  \\$cSCO
=952  \\$00$10$2ddc$40$6KTS_1_000000000000000_C3_02_08G09$70$8RAR$92054$aORPH$bORPH$cKTS1_C3$d2020-07-08$eKoopman$l0$oKTS1 C3.02 08G09$p20140349$r2021-01-12 00:00:00$w2021-01-12$ySCO
=999  \\$d2054

