=LDR  01764adm a2200313   4500
=001  2058
=008  210413q1800\\\\\\\||ld||||||\00|\0\ita\d
=041  \\$aita
=059  \\$aST 2 vl bc
=100  \\$aPortugal, Marcos António da Fonseca$d1762-1830$4cmp$96999
=245  \\$aDuetto, e Recc[itati]vo: Signora mi perdoni
=260  \\$aFlorence$c1800c [?]
=300  \\$a30 pages
=500  \\$aPassepartout title page representing an orchestra playing 'al sereno': "Vendesi da Giovanni Chiari librario nella condotta in Firenze"; clean copyist's manuscript
=500  \\$aThe recitative dialog for the characters Lizetta and Giorgio has the incipit "Gran dispiacere io provo"
=500  \\$aWhich opera?
=500  \\$a15 unnumbered folios of music, followed by a blank folio
=533  \\$aDigitized by iGuana, Spring 2022
=590  \\$aDel Sig[no]re Marco Ant[oni]o Portugal P[er] uzo da Ill[ustrissi]ma S[ignor]a D[onna] Mariarena Benedicta da Sa[n] Cautinho
=648  \0$a18th Century (1701-1800)$1http://www.wikidata.org/entity/Q7015$920899
=650  \0$aOpera$1http://www.wikidata.org/entity/Q1344$92468
=650  \0$aDuet$1http://www.wikidata.org/entity/Q109940$92394
=650  \0$aRecitative$1http://www.wikidata.org/entity/Q202534$93699
=651  \0$aFlorence (Italy)$1http://www.wikidata.org/entity/Q2044$9248
=856  \\$uhttps://uv-v4.netlify.app/#?manifest=https://sharedcanvas.be/IIIF/manifests/15a5d262-497d-11ed-8eb8-d1684e7aa9ca$3IIIF
=856  \\$uhttps://sharedcanvas.be/IIIF/manifests/15a5d262-497d-11ed-8eb8-d1684e7aa9ca$3IIIF manifest
=942  \\$cMS
=952  \\$00$10$2ddc$40$6KTS_1_000000000000000_C3_02_08G13$70$8RAR$92058$aORPH$bORPH$cKTS1_C3$d2020-07-08$eKoopman$oKTS1 C3.02 08G13$p20136236$r2021-01-12 00:00:00$w2021-01-12$yMS
=999  \\$d2058

