=LDR  01198acm a2200241   4500
=001  2061
=008  230329b\\\\\\\\|||||l||\||||\00|\0\ger\d
=041  \\$ager
=059  \\$aorg 2hn 4tbn
=100  \\$aVogel, Ferdinand$d1807-1892$4cmp$1http://www.wikidata.org/entity/Q11923114$96534
=245  \\$aConcertino (D-dur) für die Orgel,$bmit Begleitung von Posaunen und Hörnern ad libitum
=260  \\$aErfurt$aLeipzig$bKörner$cs.d.
=300  \\$a8 pages$boblong, front- and backmatter printet
=500  \\$acatalogue of organ works published by Körner on front- and backmatter 
=561  \\$aEx libris A. Steketee Jz. Goes (stamp)
=648  \0$a19th Century (1801-1900)$1http://www.wikidata.org/entity/Q6955$920935
=650  \0$aOrgan music$1http://www.wikidata.org/entity/Q2003283$91951
=650  \0$aFreedom$1http://www.wikidata.org/entity/Q310735$923033
=650  \0$aConcerto$1http://www.wikidata.org/entity/Q9748$921817
=650  \0$aBrass$1http://www.wikidata.org/entity/Q39782$94143
=942  \\$cSCO
=952  \\$00$10$2ddc$40$6KTS_1_000000000000000_C3_02_08G16$70$8RAR$92061$aORPH$bORPH$cKTS1_C3$d2020-07-08$eKoopman$l0$oKTS1 C3.02 08G16$p20140355$r2021-01-12 00:00:00$w2021-01-12$ySCO
=999  \\$d2061

