=LDR  01227acm a2200253   4500
=001  2062
=008  230329s1847\\\\|||||l||\||||\00|\0\ger\d
=041  \\$ager
=059  \\$aorg
=100  \\$aRinck, Christian Heinrich$d1770-1846$4cmp$1http://www.wikidata.org/entity/Q559451$96535
=245  \\$a9 fugirte Orgelstücke in Vor- und Nachspielen
=260  \\$aMainz$bSchott$c1847
=300  \\$a17 pages$boblong, printed front- and backmatter
=490  \\$aDr. Ch. H. Rinck's Gesammelte Orgelstücke$v4
=500  \\$acatalogue of organ works published by Schotton front- and backmatter 
=500  \\$aPlate nr. 9123.4
=590  \\$azur Benutzung beim öffentlichen Gottesdienste und zum Studiren für fleissige Orgelspieler
=648  \0$a19th Century (1801-1900)$1http://www.wikidata.org/entity/Q6955$920935
=650  \0$aChurch music$1http://www.wikidata.org/entity/Q8812109$92283
=650  \0$aFugue$1http://www.wikidata.org/entity/Q181014$93142
=650  \0$aOrgan music$1http://www.wikidata.org/entity/Q2003283$91951
=942  \\$cSCO
=952  \\$00$10$2ddc$40$6KTS_1_000000000000000_C3_02_08G17$70$8RAR$92062$aORPH$bORPH$cKTS1_C3$d2020-07-08$eKoopman$l0$oKTS1 C3.02 08G17$p20140356$r2021-01-12 00:00:00$w2021-01-12$ySCO
=999  \\$d2062

