=LDR  01706aca a2200253   4500
=001  2065
=008  211209s1854\\\\\\\||l||\||||\00|\0\ger\d
=041  \\$ager
=059  \\$aorg
=245  \\$aDer Orgelfreund:$bein practisches Hand-und Muster-Buch für alle Verehrer eines würdevollen Orgelspiels$nvol. 4
=260  \\$aLeipzig$aErfurt$bKörner$c1854
=300  \\$a[vi]-52-[2] pages$boblong
=500  \\$aAdvertisements for other scores at the front, publisher's catalog at the back
=500  \\$aDedicated to Duke Maximilian of Bavaria
=500  \\$aInteresting register, cataloguing works according to composer, tonality, chorale titles
=505  \\$aCompositions by J. S. Bach, Lebègue, Beutler, Bodenschatz, Böhner, Bönicke, Brandt, Brauer, Engel, Fischer, Gäbler, Gebhardi, Gradehand, Haring, Handel, Herrmann, Herzog, Höpner, Kittel, Köhler, Kühmstedt, Kuhnau, Kühne, Lorenz, Meister, Michel, Pachelbel, Rembt, Reyher, Richter, Riedel, Roch, Rudolph, Sauerbrey, Scheibner, Seiffert, Stolze, Theile, Töpfer, Vierling, Volckmar, Wedemann, and Wendt
=648  \0$a19th Century (1801-1900)$1http://www.wikidata.org/entity/Q6955$920935
=650  \0$aOrgan music$1http://www.wikidata.org/entity/Q2003283$91951
=651  \0$aBavaria (Germany)$1http://www.wikidata.org/entity/Q980$9228
=700  \\$4edt$aKörner, Gotthilf Wilhelm$d1809-1865$1http://www.wikidata.org/entity/Q47493607$96538
=700  \\$4edt$aRitter, August Gottfried$d1811-1885$1http://www.wikidata.org/entity/Q322802$94953
=942  \\$cSCO
=952  \\$00$10$2ddc$40$6KTS_1_000000000000000_C3_02_08G20$70$8RAR$92065$aORPH$bORPH$cKTS1_C3$d2020-07-08$eKoopman$oKTS1 C3.02 08G20$p20137943$r2021-01-12 00:00:00$w2021-01-12$ySCO
=999  \\$d2065

