=LDR  01100aca a2200229   4500
=001  2066
=008  211209s1765\\\\\\\||l||\||||\00|\0\ita\d
=041  \\$aita
=059  \\$avn bc
=100  \\$aNoferi, Giovanni Battista$d1730-1782$4cmp$1http://www.wikidata.org/entity/Q19284083$96539
=245  \\$aSei soli di violino e basso$bOpera VIII
=260  \\$aLondon$bJohnson$c1765
=300  \\$a[i]-36 pages$boblong
=590  \\$acomposti da Gio. Batista Noferi, e da esso Dedicati a Sua Eccellenza Lord Giorgio Sutton
=648  \0$a18th Century (1701-1800)$1http://www.wikidata.org/entity/Q7015$920899
=650  \0$aInstrumental music$1http://www.wikidata.org/entity/Q639197$92106
=650  \0$aViolin$1http://www.wikidata.org/entity/Q8355$92783
=650  \0$aBasso continuo$1http://www.wikidata.org/entity/Q724321$921065
=651  \0$aLondon (United Kingdom)$1http://www.wikidata.org/entity/Q84$9123
=942  \\$cSCO
=952  \\$00$10$2ddc$40$6KTS_1_000000000000000_C3_02_08G21$70$8RAR$92066$aORPH$bORPH$cKTS1_C3$d2020-07-08$eKoopman$oKTS1 C3.02 08G21$p20137942$r2021-01-12 00:00:00$w2021-01-12$ySCO
=999  \\$d2066

