=LDR  01648acm a2200265   4500
=001  2068
=008  230330b\\\\\\\\|||||l||\||||\00|\0\ita\d
=041  \\$aita
=059  \\$avn vc/db
=100  \\$aNardini, Pietro$d1722-1793$4cmp$1http://www.wikidata.org/entity/Q727374$95370
=245  \\$aSei sonate per violino solo e basso op. 2
=260  \\$as.l.$bs.n.$c1793c
=300  \\$a30 pages$bEngraved title page, oblong
=500  \\$aComposed c. 1765
=500  \\$amanustript notes on title page: 
"Omaggio dal 111e Angelo Gasparini al Prof. .... del R.e Conservatorio di Parma"
" ..usto allievo di Tartini era dotato di una delle più preziose qualità del violinista, quella di cantare sul suo strumento con una soavità ed un espressione otte a rivollegiare colla voce umana. Vedi i Maestri calssici del violino, p D. Alard"
"Nato a Tibbiana nel 1722 e morto a Firenze il 7. Maggio 1793"
=500  \\$anotes on title page probably by Jean-Delphin Alard (1815-1888) a French violinist, composer, and teacher. 
=561  \\$aEx libris Angelo Gasparini, Genova (stamp)
=648  \0$a18th Century (1701-1800)$1http://www.wikidata.org/entity/Q7015$920899
=650  \0$aSonata$1http://www.wikidata.org/entity/Q131269$921653
=650  \0$aChamber music$1http://www.wikidata.org/entity/Q189201$92105
=650  \0$aViolin$1http://www.wikidata.org/entity/Q8355$92783
=650  \0$aInstrumental music$1http://www.wikidata.org/entity/Q639197$92106
=942  \\$cSCO
=952  \\$00$10$2ddc$40$6KTS_1_000000000000000_C3_02_08G23$70$8RAR$92068$aORPH$bORPH$cKTS1_C3$d2020-07-08$eKoopman$l0$oKTS1 C3.02 08G23$p20140360$r2021-01-12 00:00:00$w2021-01-12$ySCO
=999  \\$d2068

