=LDR  01458adm a2200301   4500
=001  2069
=008  210413b\\\\\\\\\\\||i|||||||\00|\0\ita\d
=041  \\$aita
=059  \\$ahpd 4h
=100  \\$aRossini, Gioacchino$d1792-1868$4cmp$96192
=245  \\$aSinfonia nell'Otello.$bA clavicembalo a quattro mani
=260  \\$as.l.$c18xx
=300  \\$a21 pages
=500  \\$aSee also the copy F.1116.K.
=533  \\$aDigitized by iGuana, Spring 2022
=534  \\$a'Otello' premiered in 1816 at the Teatro del Fondo, Naples
=648  \0$a19th Century (1801-1900)$1http://www.wikidata.org/entity/Q6955$920935
=650  \0$aOpera$1http://www.wikidata.org/entity/Q1344$92468
=650  \0$aOverture$1http://www.wikidata.org/entity/Q202287$921591
=650  \0$aHarpsichord$1http://www.wikidata.org/entity/Q81982$92125
=650  \0$aQuatre mains$1http://www.wikidata.org/entity/Q227484$922186
=651  \0$aItaly$1http://www.wikidata.org/entity/Q38$922
=700  \\$4arr$aAsioli, Bonifazio$cda Correggio$d1769-1832$96089
=856  \\$uhttps://uv-v4.netlify.app/#?manifest=https://sharedcanvas.be/IIIF/manifests/70aebe3d-4a20-11ed-b783-89a0f1626dbd$3IIIF
=856  \\$uhttps://sharedcanvas.be/IIIF/manifests/70aebe3d-4a20-11ed-b783-89a0f1626dbd$3IIIF manifest
=942  \\$cMS
=952  \\$00$10$2ddc$40$6KTS_1_000000000000000_C3_02_08G24$70$8RAR$92069$aORPH$bORPH$cKTS1_C3$d2020-07-08$eKoopman$oKTS1 C3.02 08G24$p20136235$r2021-01-12 00:00:00$w2021-01-12$yMS
=999  \\$d2069

