=LDR  02054adm a2200325   4500
=001  2072
=008  210413b\\\\\\\\\\\||l||\||||\00|\0\ita\d
=041  \\$aita
=059  \\$ahpd/pf
=100  \\$aFenaroli, Fedele$d1730-1818$4cmp$1http://www.wikidata.org/entity/Q3740837$96147
=245  \\$aScale, e partimenti.$bPer cembalo ò pian forte
=260  \\$aItaly$cs.d.
=300  \\$a168 pages
=500  \\$aCurrently under investigation by Ewald Demeyere (Antwerp/Namur), who's preparing a critical edition of Fenaroli's partimenti, see
https://www.cambridge.org/core/journals/eighteenth-century-music/article/abs/on-fedele-fenarolis-pedagogy-an-update/9624A245D7BA5FBC4BD85CE980A6B8B1

=500  \\$aFenaroli published between 1775 & 1816 six works dealing with musical rules, figured bass, partimenti
=500  \\$a14 pages of Posizione e Cadenze + 13 pages Primo Libro De Partimenti + 80 pages Secondo LIbro De Partimenti + 60 pages Terzo Libro di Partimenti
=533  \\$aDigitized by iGuana, Spring 2022
=563  \\$aContemporary binding with vellum spine and decorated cardboard covers
=648  \0$a18th Century (1701-1800)$1http://www.wikidata.org/entity/Q7015$920899
=648  \0$a19th Century (1801-1900)$1http://www.wikidata.org/entity/Q6955$920935
=650  \0$aMethod$1http://www.wikidata.org/entity/Q2250960$921402
=650  \0$aComposing$1http://www.wikidata.org/entity/Q92186587$93076
=650  \0$aHarmony$1http://www.wikidata.org/entity/Q184421$92358
=650  \0$aPartimento$1http://www.wikidata.org/entity/Q2054960$921242
=651  \0$aItaly$1http://www.wikidata.org/entity/Q38$922
=856  \\$uhttps://uv-v4.netlify.app/#?manifest=https://sharedcanvas.be/IIIF/manifests/68a5ccf0-4a3f-11ed-bca1-96815069c5ab$3IIIF
=856  \\$uhttps://sharedcanvas.be/IIIF/manifests/68a5ccf0-4a3f-11ed-bca1-96815069c5ab$3IIIF manifest
=942  \\$cMS
=952  \\$00$10$2ddc$40$6KTS_1_000000000000000_C3_02_08G27$70$8RAR$92072$aORPH$bORPH$cKTS1_C3$d2020-07-08$eKoopman$oKTS1 C3.02 08G27$p20136231$r2021-01-12 00:00:00$w2021-01-12$yMS
=999  \\$d2072

