=LDR  02466acm a2200313   4500
=001  2075
=005  20250926134853.0
=008  230330b\\\\\\\\|||||l||\||||\00|\0\eng\d
=041  \\$aeng
=059  \\$akbd
=100  \\$aBach, Johann Sebastian$d1685-1750$4cmp$1http://www.wikidata.org/entity/Q1339$94766
=245  \\$aNew and Correct Edition of the Preludes and Fugues vol. 1
=260  \\$aLondon$bBirchall$c1810
=300  \\$aiii-57 pages$boblong
=500  \\$aSee 03J32 for a complete 4-vol. set
=500  \\$aCharles Frederick Horn was an English musician and composer. Born in Germany, he emigrated to London with few possessions and no knowledge of the English language, yet rose to become a music teacher in the Royal Household. As an editor and arranger, he helped introduce the music of Johann Sebastian Bach to England. In 1808 he met Samuel Wesley, with whom he would collaborate in editing, arranging, and publishing the first ever complete edition of Bach's six trio sonatas for organ (1809) and the first English edition of the Well-Tempered Clavier (1810). Wesley described Horn as "indefatigable", having plans to publish all of Bach's works, but this never came to fruition. Samuel Wesley was an English organist and composer in the late Georgian period, a contemporary of Mozart he was called by some "the English Mozart", and he was the central figure in the early revival of Bach's music in England.
=500  \\$aIntruduction signed by the editors Wesley & Horn (manuscript)
=648  \0$a19th Century (1801-1900)$1http://www.wikidata.org/entity/Q6955$920935
=648  \0$a18th Century (1701-1800)$1http://www.wikidata.org/entity/Q7015$920899
=650  \0$aKeyboard music$1http://www.wikidata.org/entity/Q105715630$921412
=650  \0$aFugue$1http://www.wikidata.org/entity/Q181014$93142
=650  \0$aPrelude$1http://www.wikidata.org/entity/Q212148$921947
=650  \0$aHistorically informed performance$1http://www.wikidata.org/entity/Q1344860$920980
=651  \0$aLondon (United Kingdom)$1http://www.wikidata.org/entity/Q84$9123
=700  \\$4edt$aWesley, Samuel$d1766-1837$1http://www.wikidata.org/entity/Q1969627$95365
=700  \\$4edt$aHorn, Charles Frederick $d1762-1830$1http://www.wikidata.org/entity/Q3813042$95366
=942  \\$cSCO
=952  \\$00$10$2ddc$40$6KTS_1_000000000000000_C3_02_08G30$70$8RAR$92075$aORPH$bORPH$cKTS1_C3$d2020-07-08$eKoopman$l0$oKTS1 C3.02 08G30$p20140370$r2021-01-12 00:00:00$w2021-01-12$ySCO
=999  \\$d2075

