=LDR  01106atm a2200241   4500
=001  2077
=008  210413b\\\\\\\\\\\g||||\||||\00|\0\por\d
=041  \\$apor
=059  \\$afl
=245  \\$aPrincipios de muzica para flauta
=260  \\$aPortugal$cc. 1800
=300  \\$a11 pages
=500  \\$aVery clean manuscript: copy of a print?
=533  \\$aDigitized by iGuana, Spring 2022
=648  \0$a19th Century (1801-1900)$1http://www.wikidata.org/entity/Q6955$920935
=650  \0$aMethod$1http://www.wikidata.org/entity/Q2250960$921402
=650  \0$aFlute$1http://www.wikidata.org/entity/Q11405$921276
=651  \0$aPortugal$1http://www.wikidata.org/entity/Q45$9136
=856  \\$uhttps://uv-v4.netlify.app/#?manifest=https://sharedcanvas.be/IIIF/manifests/15a5e459-497d-11ed-8eb8-b768030e458a$3IIIF
=856  \\$uhttps://sharedcanvas.be/IIIF/manifests/15a5e459-497d-11ed-8eb8-b768030e458a$3IIIF manifest
=942  \\$cMS
=952  \\$00$10$2ddc$40$6KTS_1_000000000000000_C3_02_08G32$70$8RAR$92077$aORPH$bORPH$cKTS1_C3$d2020-07-08$eKoopman$oKTS1 C3.02 08G32$p20136232$r2021-01-12 00:00:00$w2021-01-12$yMS
=999  \\$d2077

